2946 4928
432 351 561 421 246
1029 407 1030 410 η
1205 347 1763 417 DISSERTATIO
1807 345 1950 416 vn.
2028 387 2046 432 ,ι

432 518 645 585 sebius
690 518 727 602 ἕ
771 514 900 582 204
946 516 1087 582 adn.
1133 514 1173 580 3
1240 532 1382 582 cum
1445 515 1554 581 illo
1609 515 1925 596 componit
1968 510 2412 600 Αἷσύμνηθεν
2439 508 2506 592 ¹).
2595 509 2683 574 At

425 640 575 687 vero
617 620 766 685 huic
808 620 1091 701 proxime
1110 617 1440 700 praecedit
1476 617 1862 700 praepositio
1906 616 1981 696 ἐξ
2023 613 2189 682 Alo.
2240 620 2315 680 ut
2357 610 2432 691 ἐξ
2474 606 2676 700 οὖρα-

430 719 630 790 νόθεν
649 772 667 803 ,
733 722 903 805 quod
945 719 1307 792 Priscianus
1351 739 1580 802 parum
1641 724 1788 802 apte
1843 719 1968 784 huc
2023 717 2285 784 confert.
2323 717 2505 799 quasi
2564 733 2678 796 pro

429 821 506 906 ἐξ
545 820 819 910 σι’ῑρανοῦ
864 824 1158 905 positum.
1228 820 1296 888 Si
1341 817 1424 889 δι’
1476 812 1849 910 οὗροινόθεν
1894 821 2125 887 alicubi
2165 822 2522 903 legeremus
2564 836 2679 899 pro

433 924 517 996 δι’
566 923 855 1015 οῧρανοῦ
881 927 1003 992 ‘vel
1047 919 1161 992 ὑπ’
1212 921 1603 1012 οὐρανόθεν,
1675 944 1754 991 ea
1798 926 2051 992 demum
2093 921 2277 989 firma
2320 926 2494 987 esset
2536 939 2679 1002 pro-

430 1030 637 1111 batio;
683 1031 797 1096 sed
839 1029 1341 1112 praepositiones
1386 1032 1630 1094 motum
1674 1047 1709 1093 e
1753 1029 1890 1094 loco
1931 1028 2335 1109 designantes
2381 1019 2543 1101 ἀπό,
2590 1022 2677 1101 ἐξ,

432 1128 602 1198 κατά
645 1130 925 1196 naturali
968 1127 1241 1214 quadam
1288 1128 1598 1196 affinitate
1622 1131 2020 1212 applicantur
2056 1115 2372 1197 adverbiis
2397 1126 2680 1192 eiusdem

433 1234 757 1299 relationis
823 1237 890 1298 et
938 1219 1160 1299 rursus
1231 1252 1271 1298 a
1314 1232 1520 1315 poetis
1568 1231 1988 1299 detrahuntur
2031 1232 2240 1298 verbis
2287 1228 2678 1296 discedendi:

434 1334 712 1423 ἔφευγεν
738 1328 1026 1422 ’Ἀργεος
1069 1335 1329 1403 Hesiod.
1372 1336 1624 1417 Fragm.
1670 1335 1820 1418 XX,
1887 1337 2088 1403 πέσεν
2144 1332 2442 1421 ἅρματος
2487 1332 2679 1413 Apol·

432 1437 555 1504 lon.
600 1437 691 1504 IV
738 1437 865 1505 598
910 1444 1046 1521 etc.‚
1095 1440 1238 1505 aliis
1283 1458 1434 1505 vero
1481 1437 1816 1503 adiunctus
1861 1439 2173 1522 genitivus
2216 1438 2419 1503 locum
2466 1436 2534 1498 in
2559 1456 2682 1519 quo

427 1541 695 1607 indicat:
740 1533 1023 1627 ’Ἀργεος
1086 1534 1201 1630 ἦεν
1243 1561 1359 1623 pro
1404 1541 1473 1608 ἒν
1501 1534 1731 1627 ’Ἀργει
1754 1592 1770 1623 ,
1815 1561 1872 1607 v.
1916 1541 2266 1607 Bernhard.
2313 1539 2488 1622 Synt.
2540 1536 2678 1602 137.
2738 1598 2744 1602 ,

389 1683 392 1688 -
426 1643 698 1723 Quintus
740 1644 996 1727 quidem
1040 1644 1165 1710 VII
1212 1642 1332 1709 187
1391 1649 1726 1726 utramque
1782 1649 2031 1727 partem
2076 1643 2378 1709 orationis
2424 1641 2675 1723 copula-

427 1747 522 1813 vit
563 1747 890 1813 intellectu
928 1748 1183 1814 eodem:
1257 1744 1389 1831 εἰμί
1437 1741 1497 1813 δ’
1545 1745 1709 1832 ἐγὼν
1748 1743 2137 1833 ’Ῑθᾶκηθςν,
2208 1743 2244 1810 ὁ
2314 1742 2370 1812 δ’
2401 1737 2681 1829 ’floreos

426 1846 840 1935 ἱπποβότοιο
887 1869 1003 1932 pro
1049 1849 1347 1915 adverbio
1386 1845 1730 1936 Ἀργόθεν,
1798 1850 1912 1916 sed
1954 1850 2074 1915 hoc
2118 1850 2214 1914 uti
2254 1866 2381 1915 non
2424 1850 2680 1929 poterat

422 1957 682 2034 propter
725 1953 1047 2034 epitheton
1062 2004 1076 2032 ‚
1142 1971 1346 2034 neque
1402 1970 1562 2033 opus
1623 1956 1762 2017 erat
1814 1953 2163 2034 praemisso
2210 1950 2517 2017 eiusmodi
2560 1948 2678 2013 ad-
2776 1938 2781 1944 ’

427 2054 661 2135 verbio,
708 2055 877 2136 quod
919 2055 1176 2136 proprie
1218 2059 1461 2120 motum
1506 2074 1541 2119 e
1586 2055 1722 2119 loco
1765 2055 2018 2120 indicatss
2084 2054 2273 2136 Apud
2318 2054 2475 2119 alios
2521 2052 2676 2117 scri·

426 2162 643 2240 ptores
686 2156 845 2222 nihil
886 2157 1342 2239 indagavimuS‚
1387 2157 1558 2239 quod
1587 2157 1917 2238 Apollonio
1952 2158 2302 2224 subveniat.
2349 2154 2678 2239 Sophoclis

425 2258 622 2326 verba
666 2258 830 2324 Oed..
864 2255 933 2324 C.
979 2258 1104 2325 527
1172 2252 1213 2347 ἦ
1278 2244 1622 2348 μητρόθεν
1693 2261 2038 2344 δυσώνυμοι
2108 2255 2316 2349 λέκτρ’
2379 2256 2677 2346 ἐπλήσω»,

426 2363 701 2445 primum
743 2363 909 2430 lecta
962 2361 1081 2428 hoc
1125 2355 1480 2444 significare
1523 2363 1845 2429 videntur:
1911 2364 2136 2427 matris
2190 2363 2415 2428 lectum
2467 2359 2679 2446 irffan-

429 2463 577 2530 dum
618 2463 901 2552 implesti
936 2466 1054 2533 hoc
1098 2472 1200 2533 est
1240 2467 1564 2554 inqressus
1613 2486 1677 2531 es
1689 2491 1710 2548 ‚·
1781 2486 1931 2533 nam
1996 2455 2071 2532 ut
2114 2469 2345 2557 κενοῦν
2410 2483 2528 2548 pro
2573 2461 2677 2528 de·
2710 2550 2717 2557 ο

428 2589 634 2633 serere
677 2569 897 2650 locum,
943 2569 1034 2637 sic
1065 2568 1453 2652 πιμπλάναι
1485 2589 1600 2652 pro
1622 2567 1883 2656 ‘myredi
1896 2570 2155 2648 dicitur,
2201 2590 2258 2635 v.
2291 2570 2373 2635 ad
2395 2566 2494 2633 Ai.
2519 2566 2679 2646 9873

279 2754 296 2767 l
326 2703 330 2706 >
427 2672 528 2738 vel
572 2673 766 2738 etiam
782 2672 1092 2758 polluisti,
1138 2691 1263 2755 quo
1285 2674 1613 2739 intellectu
1642 2673 1965 2738 interdum
1990 2667 2377 2758 ἀναπλῆσαι
2401 2672 2676 2754 ponitur,

428 2775 845 2858 similiterque
890 2775 1339 2842 Germanicum
1383 2774 1516 2838 voll
1552 2773 1828 2838 macheu.
1894 2772 2020 2839 Sed
2041 2773 2446 2840 Hermannus
2481 2773 2680 2839 verba

427 2878 720 2943 subtilius
742 2880 1047 2961 disponit:
1095 2874 1446 2961 δυσώνυμοι
1490 2874 1829 2964 μητρόθεν
1850 2899 1988 2967 ρον
2009 2883 2270 2940 matrem
2314 2874 2673 2959 infandum,

299 2983 309 2993 ’
426 2984 500 3045 ut
539 2980 898 3046 Ellendtius
935 2998 1192 3062 quoque
1236 2982 1429 3046 vertit
1472 3002 1514 3042 a
1543 2992 1738 3065 parte
1780 2980 2026 3060 matris,
2074 2998 2199 3062 quo
2242 2978 2354 3045 illa
2395 2979 2673 3044 insolen-

428 3083 556 3148 tiae
602 3082 846 3164 species
891 3081 1151 3147 tollitur.
1239 3082 1316 3148 In
1357 3082 1586 3147 Aesch.
1633 3080 1864 3164 Coeph.
1911 3080 2036 3148 929
2092 3079 2341 3148 θεόθεν
2386 3082 2676 3169 φραδαῖ-

428 3208 532 3252 σιν
557 3179 939 3272 ὡρμημένοζ
982 3189 1049 3250 et
1072 3183 1243 3267 Sept.
1266 3184 1396 3251 820
1441 3178 1840 3282 οὖκάπεῖπε
1866 3180 2213 3270 πατρόθεν
2237 3181 2459 3273 φάτις,
2507 3184 2678 3267 quod

420 3289 610 3355 schol.
653 3288 1114 3370 interpretatur
1160 3285 1443 3376 πατρῴα
1481 3284 1728 3376 φάτις,
1800 3286 2118 3353 adverbiis
2163 3288 2486 3354 commode
2532 3288 2671 3372 qnis-
2700 3356 2722 3369 ,

305 3406 312 3410 ·
430 3392 575 3458 dem
619 3391 921 3459 substitui
963 3395 1231 3474 possunt
1272 3390 1561 3474 genitivi4
1620 3390 1734 3455 sed
1777 3390 1951 3455 nulla
1996 3408 2186 3457 causa
2230 3395 2357 3471 est,
2404 3410 2516 3457 cur
2561 3409 2677 3473 pro

428 3495 527 3561 his
574 3494 963 3577 accipiantur
987 3494 1059 3579 ²).
1161 3493 1481 3571 Quantum
1524 3494 1694 3563 inter
1735 3497 2074 3575 utrumque
2139 3512 2338 3575 genus
2400 3494 2675 3573 intersit,

424 3602 693 3679 apparet
755 3616 835 3664 ex
891 3614 995 3677 eo,
1062 3597 1230 3680 quod
1282 3595 1325 3663 J
1326 3597 1459 3663 ovis
1516 3600 1700 3677 pater
1753 3613 2076 3678 nunquam
2131 3591 2389 3663 Διόθεν
2450 3591 2676 3682 πατήρ

427 3705 689 3766 vocatur
729 3717 849 3767 nec
892 3700 1095 3767 Troia
1118 3694 1409 3766 Ἰλιόθεν
1455 3694 1653 3777 πόλις
1692 3717 1834 3766 -nec
1892 3698 2097 3764 simile
2156 3699 2528 3780 quidquam,
2599 3706 2679 3765 ac

565 3906 619 3970 1)
656 3908 801 3960 Idem
836 3908 942 3961 alio
976 3907 1096 3959 loco
1132 3908 1163 3969 ξ
1199 3904 1306 3961 198
1336 3922 1388 3975 p.
1424 3905 1530 3961 313
1553 3899 1772 3974 Ἴδηθεν
1807 3907 1942 3959 illud
1975 3921 2071 3972 pro
2101 3899 2269 3959 Ἰδόθι
2307 3906 2537 3972 positum
2552 3920 2681 3959 esse

426 3995 615 4045 statuit
651 3999 711 4045 nt
744 3988 991 4063 ἐγγύθεν
1022 4008 1120 4060 pro
1155 3986 1376 4060 ἐγγύθι,
1430 3994 1525 4047 sed
1560 3994 1856 4049 terminatio
1885 3977 1983 4045 ἷῖθῖι
2020 3991 2321 4045 nominibus
2354 3993 2555 4057 primae
2590 3993 2681 4045 de-

424 4078 723 4132 clinationis
757 4095 866 4132 non
900 4080 1202 4146 affingitur„

558 4163 617 4227 2)
653 4166 808 4230 Quod
841 4166 1106 4225 Homerus
1142 4166 1275 4218 dixit
1306 4166 1370 4221 11.
1409 4167 1461 4218 11
1499 4163 1600 4221 198
1655 4156 1721 4218 ’ὃν
1773 4161 1823 4217 δ’
1882 4152 1953 4216 αὗ
2009 4159 2187 4229 δῆμον
2238 4156 2418 4232 ἄνδρα
2468 4161 2582 4217 ἴδοι
2626 4172 2685 4218 et

428 4252 571 4318 quod
605 4251 918 4319 Apollonius
950 4253 979 4304 1
1014 4249 1049 4306 6
1084 4239 1233 4304 τοῖδ’
1292 4249 1511 4327 ἀνέρος,
1568 4244 1730 4303 ὅντιν’
1794 4244 1967 4304 ἴδοιτο
2022 4244 2271 4317 δημόθεν
2334 4248 2680 4314 οἰοπέδιλον,

425 4338 564 4389 idem
602 4340 900 4406 significant
933 4329 1118 4410 ἕνδρα
1152 4332 1412 4408 δημότην,
1449 4339 1545 4393 sed
1581 4338 1792 4395 diversa
1824 4339 2043 4391 ratione.
