2946 4928
131 1547 146 1558 ’
257 1562 488 1644 posita.

594 358 710 428 DE
753 316 1547 429 PRoscHEsMA'rIsMO.
1602 359 1671 430 P.
1694 360 1776 430 ιι
1824 361 1890 430 c.
1915 362 2031 431 ιιι.
2079 365 2134 452 §-
2158 367 2216 436 4.
2393 364 2525 435 213
2554 401 2581 424 -.

271 524 522 592 duabus
565 516 821 592 vocibus
868 523 935 593 ἒν
961 519 1178 602 worse,
1228 531 1302 591 ut
1344 531 1594 593 veteres
1639 526 1871 609 dicunt,
1915 529 1980 593 in
2024 548 2215 594 unam
2237 529 2522 598 coactum

270 628 729 713 significatione
793 629 861 694 in
914 629 1283 695 adverbium
1337 627 1600 712 deflexa,
1645 627 1740 698 'ut
1785 631 1853 699 ἐν
1905 639 2043 721 χρῷ
2110 634 2339 699 dicitur
2403 652 2520 717 pro

267 730 476 820 ἔγγύς,
526 733 839 815 simulque
883 727 1188 799 assumta
1213 734 1422 813 specie
1467 734 1910 800 adverbiorum
1953 737 2019 801 in
2060 740 2114 807 ἧ
2140 721 2521 805 'exeuntium

269 833 571 917 α’στακτί,
617 834 832 921 ἐγερτί
876 840 1022 917 etc.‚
1092 836 1465 919 quibuscum
1524 838 1717 902 etiam
1781 833 1901 903 hac
1962 839 2028 902 in
2082 857 2157 903 re·
2213 841 2518 922 convenit,

271 941 444 1025 quod
484 940 614 1007 iota
655 940 841 1006 modo
884 940 1076 1006 breve
1118 939 1329 1020 habet,
1374 939 1560 1005 modo
1603 939 1876 1023 longum.
1936 939 2062 1007 Sed
2085 940 2297 1008 differt
2317 947 2517 1009 attra-

271 1045 476 1111 ctione
519 1062 853 1110 consonae:
923 1040 1174 1128 ὲγκυτίς
1201 1043 1253 1126 ²)
1306 1043 1510 1130 χωρὶς
1564 1048 1682 1111 τοῦ
1733 1047 1787 1116 ἀ’
1834 1042 2266 1127 Καλλίμαχος
2331 1035 2518 1113 εἶπεν

266 1148 492 1214 Joann:
537 1145 638 1213 38.
701 1183 774 1193 —-
836 1144 994 1212 Cum
1036 1148 1153 1212 hoc
1197 1147 1636 1229 Theognostus
1682 1147 1833 1214 Gan.
1884 1147 2024 1214 163.
2075 1147 2153 1213 15
2199 1147 2520 1232 coniungit

268 1246 713 1334 αὖτονυχίς
748 1250 1001 1336 λέγεται
1062 1250 1171 1317 καὶ
1218 1245 1550 1334 αὐτονυχί,
1619 1251 1788 1333 quod
1851 1252 1918 1316 in
1961 1251 2276 1317 codicibus
2320 1250 2514 1334 Apol·

261 1355 418 1422 lonii
459 1354 494 1420 I
536 1374 592 1424 v,
645 1349 808 1419 1019
867 1358 935 1418 et
977 1352 1129 1418 alibi
1173 1349 1516 1438 αι’)τονυχεί
1558 1353 1855 1420 scribitur
1898 1358 1971 1420 ut
2016 1349 2351 1442 ἅμφιετεί,
2399 1349 2516 1421 αὖ·

260 1455 482 1524 τοετεί
546 1457 796 1540 aliaque
861 1473 1003 1521 cum
1067 1456 1423 1523 nominibus
1489 1462 1743 1539 tempus
1797 1455 2295 1539 significantibus
2342 1476 2507 1524 com·
2561 1493 2569 1500 -

434 1663 489 1750 g.
534 1662 626 1731 4.·
688 1660 851 1729 Sunt
895 1681 1044 1730 vero
1090 1663 1310 1748 etiam,
1379 1680 1545 1745 quae
1589 1662 1828 1728 nullam
1895 1665 2136 1729 certam
2189 1662 2513 1745 regionem

258 1767 557 1849 habeant,
604 1760 783 1832 cuius
828 1768 1115 1832 terminis
1166 1772 1349 1849 septa
1390 1769 1758 1847 teneantur,
1824 1770 1897 1831 ut
1953 1760 2160 1832 οὕτω
2228 1762 2432 1833 οὕτω
2448 1791 2508 1846 ς,

257 1890 458 1955 quare
500 1868 604 1936 hic
647 1870 1020 1952 anticipabo,
1068 1870 1189 1936 etsi
1231 1873 1481 1936 veteres
1525 1868 1797 1936 technici
1839 1866 1956 1936 hoc
1999 1870 2312 1951 nativum,
2343 1854 2513 1937 illud

257 1973 556 2042 affectum
583 1992 724 2041 esse
739 1978 1039 2056 pugnant.
1088 1972 1425 2040 Certamen
1439 1972 1804 2055 auspicatur
1813 1972 2183 2056 Apollonius
2194 1973 2352 2039 Λᾶν.
2365 1971 2513 2056 578,

253 2065 367 2144 ubi
412 2077 751 2160 disceptari
796 2079 963 2159 dicit,
1008 2074 1296 2164 πότερον
1340 2074 1409 2143 ἐν
1441 2075 1818 2162 προσθέσει
1861 2075 2002 2166 ἐστὶ
2043 2083 2165 2145 τοῦ
2205 2076 2252 2150 Tr
2301 2072 2515 2159 οὕτως

257 2174 303 2267 ἢ
348 2179 415 2247 ἐν
461 2176 817 2272 ἀφαιρέσει
867 2179 940 2246 τὸ
990 2177 1184 2247 οὕτω.
1274 2179 1413 2245 Ηοο
1452 2180 1668 2247 verius
1722 2197 1865 2246 esse
1930 2186 2257 2246 asseverat
2296 2180 2510 2249 &sxa

253 2287 374 2350 τοῦ
417 2282 658 2370 χρόνον
702 2285 822 2350 τοῦ
867 2280 1428 2370 παρεδρεύοντος,
1495 2280 1614 2350 hoc
1673 2288 1774 2350 est
1837 2284 2006 2365 quod
2071 2283 2512 2351 adverbiorum

251 2386 720 2471 barytonorum,
765 2405 928 2470 quae
972 2387 1040 2453 in
1074 2385 1146 2459 ’ὦ
1203 2390 1461 2468 exeunt,
1528 2386 1772 2453 nullum
1825 2387 2239 2471 penultimam
2281 2392 2518 2456 natura·

260 2490 514 2574 longam
557 2491 768 2575 habet,
813 2493 982 2560 unde
1015 2492 1348 2573 concludit,
1394 2487 1571 2558 οὕτω
1592 2490 1980 2574 primitivum
2022 2509 2148 2557 non
2191 2508 2352 2573 esse,
2397 2491 2513 2559 sed

255 2591 472 2672 οὕτως
514 2594 595 2661 ab
640 2585 838 2676 οὗτος
884 2598 1142 2663 ductum
1176 2601 1251 2661 ut
1292 2594 1497 2675 καλός
1540 2597 1779 2674 καλῶς.
1867 2594 2507 2679 Eodem-argumento

249 2699 503 2766 ducitur
543 2699 806 2783 Epim.1
849 2699 975 2765 307
1020 2698 1101 2765 τὰ
1150 2696 1247 2779 εἷς
1291 2702 1344 2771 ’ὦ
1389 2695 1711 2767 οὐδέποτε
1770 2694 1969 2787 φύσει
2010 2702 2237 2791 μακρᾷ
2283 2694 2507 2787 παρα-

247 2797 562 2891 λήγονται
608 2795 748 2870 οἷον
792 2795 948 2881 ἶίνω,
999 2797 1201 2885 κάτω,
1250 2799 1509 2889 πρόσω,
1558 2801 1709 2883 ἔξω,
1756 2794 1949 2890 ἄφνω
1975 2802 2148 2889 πλὴν
2181 2808 2301 2873 τοῦ
2346 2800 2508 2873 εἷ’σω

247 2906 359 2973 καὶ
409 2903 588 2973 οὕτω
633 2903 798 2972 κατὰ
844 2901 1100 2985 πάθος.
1196 2902 1582 2971 Scholiastes
1625 2922 1776 2971 vero
1796 2902 2083 2989 Dionysii
2103 2904 2229 2972 942
2275 2909 2503 2991 omnia,

247 3028 416 3094 quae
483 3011 527 3081 ὦ
571 3002 773 3076 vocali
816 3009 1254 3090 terminentur,
1298 3009 1712 3090 penultimam
1753 3009 2009 3076 brevem
2051 3009 2288 3077 habere
2333 3012 2502 3095 dicit,

247 3113 377 3179 nisi
419 3130 668 3195 quoquo
713 3113 897 3179 modo
921 3104 1220 3194 corrupta
1264 3113 1419 3178 sintz
1466 3111 1542 3177 τὸ
1590 3107 1752 3179 εἴσω
1799 3111 1870 3180 ἐκ
1918 3108 2215 3195 πάθους,
2263 3114 2338 3182 τὸ
2375 3115 2504 3195 ἔξω

246 3219 369 3299 τῆς
413 3212 488 3294 ἐξ·
526 3213 659 3297 ἔχει
707 3214 821 3303 τὴν
868 3211 1263 3303 ἀναλογίαν,
1333 3213 1405 3280 τὸ
1479 3210 1706 3305 πόῤῥω
1764 3209 2044 3294 α’ττικῶς
2109 3214 2503 3303 ἔκτέταταιθ)

246 3314 364 3382 καὶ
410 3317 905 3401 διπλασιασμὸν
947 3316 1114 3401 ἔχει,
1162 3317 1240 3385 τὸ
1285 3314 1462 3385 οὕτω
1509 3316 1929 3404 παραφθορὰ
1976 3320 2094 3383 τοῦ
2141 3315 2376 3403 οὕτως,
2423 3320 2499 3386 τὸ

247 3413 467 3503 deviem
514 3418 781 3499 ἔκτασις
823 3417 1155 3508 ποιητική.
1244 3422 1427 3489 Alius
1469 3422 1536 3487 in
1577 3419 1723 3487 EM.
1769 3416 1913 3485 643.
1959 3418 2043 3486 39
2089 3422 2295 3505 addit,
2352 3424 2503 3508 quia

247 3509 364 3589 οὗτ
373 3547 443 3601 ος
485 3522 679 3589 trium
725 3525 810 3589 sit
853 3542 1155 3606 generum
1170 3576 1187 3608 ‚
1254 3527 1579 3609 trigenera
1621 3527 1836 3590 autem
1879 3523 2159 3592 habeant
2201 3527 2501 3594 adverbia

241 3626 312 3691 in
354 3662 431 3705 ως
353 3625 831 3707 '‘desinentIa,
874 3633 1213 3710 propterea
1254 3628 1335 3697 οἷ’
1323 3655 1470 3709 ›vwg
1491 3629 1817 3713 analogiae
1842 3630 2313 3697 convenientius
2337 3651 2496 3699 esse.

241 3724 410 3796 Huic
454 3729 824 3813 Apollonius
869 3722 1025 3797 Adv.
1073 3730 1217 3798 583.
1264 3730 1305 3798 4
1352 3734 1724 3816 aequiparat
1766 3733 2068 3799 Doricum
2113 3723 2239 3803 ὧτε
2304 3747 2488 3799 ut—

242 3827 659 3921 ἀμφοτέροις
701 3837 858 3919 γοῦν
902 3831 1201 3902 σύνεστιν
1257 3831 1295 3924 ἦ
1327 3826 1646 3923 ἀποβολὴ
1701 3839 1825 3902 τοῦ
1867 3837 1921 3909 ἆ.
2011 3835 2138 3903 Sed
2200 3839 2320 3906 hoc
2383 3841 2494 3906 ad-

239 3937 524 4005 verbalie
570 3925 695 4004 ὧτε
752 3941 819 4002 et
863 3936 1429 4006 demonstrativum
1476 3929 1635 4006 ὧδε
1654 3940 2045 4024 simplexque
2110 3944 2234 4018 τῶ,
2305 3967 2491 4032 περι-

241 4037 596 4125 σπώμενον
642 4035 788 4107 eim*
831 4042 948 4105 τοῦ
992 4037 1098 4108 διό
1147 4042 1257 4110 καὶ
1305 4040 1515 4142 οὕτως
1538 4042 1738 4124 Phot,
1787 4044 1843 4108 si
1888 4062 2324 4158 comparamus
2355 4064 2496 4112 cum

380 4276 437 4345 2)
472 4281 790 4335 Mendosum
826 4279 1065 4365 ἔγκοιτίς
1101 4284 1261 4339 tacite
1296 4286 1505 4339 correxi
1535 4287 1593 4338 in
1625 4286 1820 4341 Parall.
1860 4285 1978 4345 197.

388 4365 443 4432 3)
482 4368 571 4421 Sic
606 4366 942 4424 scribendum
978 4375 1058 4437 ont
1093 4387 1190 4440 pro
1227 4373 1492 4425 τίτακται.
