2946 4928
459 360 584 431 346
651 322 658 328 ’
907 366 1022 431 nn
1068 362 1797 433 ORTHOGRAPHIAE
1828 363 2235 431 GRAECAE

459 524 722 597 offendit
742 526 996 596 Memm.
1018 528 1162 596 116.
1208 530 1292 595 27
1340 555 1403 596 οι
1449 533 1813 613 συμμαχεῖν
1857 526 2201 608 ἐθέλοντες
2245 521 2318 596 εὖ
2364 528 2700 618 ποιητέοι,

456 630 566 698 ἵνα
610 634 852 699 θέλωσι
902 632 1509 716 προθυμεῖσθαι*).
2382 668 2391 673 ’

630 735 666 820 ἓ
713 736 771 801 2.
859 734 1025 802 Hinc
1066 737 1462 818 procedimus
1509 736 1592 801 ad
1635 735 1762 799 alia
1803 734 2124 814 vocabula,
2191 752 2356 817 quae
2400 754 2527 800 non
2567 754 2702 801 una

457 838 645 903 litera
665 837 963 904 differunt
985 840 1098 904 sed
1122 839 1425 920 pluribus
1473 838 1568 903 Ac
1588 839 1862 920 primum
1885 843 2060 903 cont
2081 843 2302 904 racta
2346 856 2513 903 cum
2540 857 2582 902 n
2599 856 2699 902 on

458 959 532 1007 co
545 946 671 1006 ntr
684 942 835 1007 acti
848 959 890 1006 s²
924 942 1203 1024 copulari
1248 942 1671 1007 ostendemus,
1762 940 2230 1007 Adiectivorum
2265 941 2697 1006 materialium

456 1043 694 1111 formae
738 1063 864 1109 non
908 1050 1268 1111 contractae
1312 1064 1389 1110 ex
1432 1043 1787 1108 Atticorum
1832 1043 2083 1124 scriptis
2141 1060 2405 1109 numero
2470 1043 2699 1109 solutis

461 1150 528 1212 et
570 1147 854 1212 codicum
900 1149 1276 1213 auctoritate
1323 1155 1390 1212 et
1431 1147 1687 1211 monitis
1724 1145 2211 1228 praeceptisque
2255 1146 2702 1212 Atticistarum

454 1249 730 1330 undique
774 1250 1095 1330 relegatae
1141 1254 1305 1328 sunt,
1331 1285 1337 1291 -
1373 1250 1488 1315 sed
1532 1254 1713 1314 extra
1752 1248 1918 1312 hanc
1956 1248 2279 1329 regionem
2323 1249 2699 1314 catervatim

456 1356 845 1434 grassantur,
891 1352 994 1417 vix
1037 1356 1111 1415 ut
1155 1351 1302 1417 sciri
1331 1353 1552 1433 possit
1599 1351 1751 1433 quid
1792 1350 2037 1415 librarii
2080 1353 2496 1432 peccaverint,
2545 1351 2711 1434 quid'

454 1458 745 1524 auctores
789 1455 929 1536 ipsi,
973 1461 1100 1519 non
1137 1454 1347 1519 solum
1388 1455 1500 1520 ubi
1543 1454 1831 1536 singulae
1871 1454 1937 1518 in
1967 1458 2372 1555 conspectum
2404 1455 2701 1535 veniunt,

455 1557 570 1622 sed
592 1558 785 1623 etiam
806 1557 916 1622 ubi
960 1575 1037 1622 ex
1058 1562 1327 1638 utroque
1360 1557 1595 1622 mixtae
1638 1560 1711 1621 ut
1756 1558 2059 1638 πομηεῖα
2102 1564 2348 1639 χρυσᾶ
2392 1556 2505 1624 καὶ
2552 1582 2699 1642 αρ-

454 1656 546 1746 γύ
556 1684 595 1745 ρ
609 1685 640 1725 ε
656 1686 695 1724 α
765 1661 930 1725 Plut.
995 1659 1150 1725 Vitt.
1195 1660 1255 1725 X
1323 1659 1527 1725 Oratt.
1582 1658 1931 1741 Psephism.
1980 1658 2079 1724 III
2118 1658 2248 1725 852
2294 1659 2388 1738 Β,
2452 1659 2594 1724 sive
2659 1676 2700 1725 a

453 1763 792 1828 Plutarcho
833 1762 953 1828 hoc
994 1761 1345 1844 profectum
1390 1767 1519 1842 est,
1575 1763 1708 1827 sive
1752 1781 1792 1826 a
1835 1762 2044 1831 scriba
2086 1761 2324 1842 Attic03
2371 1763 2701 1847 στέφανον

449 1888 729 1950 χρυσεον
772 1866 876 1930 καὶ
925 1867 1285 1952 πορφυρᾶν
1328 1864 1589 1952 ἐσθῆτα
1633 1865 1888 1947 Diony&
1935 1864 2079 1930 Ant.
2126 1863 2226 1929 III
2269 1862 2371 1930 62.
2416 1864 2567 1945 570,
2614 1865 2698 1931 τὰ

451 1963 696 2048 χάλκεα
743 1970 872 2032 τῶν
918 1964 1148 2032 ὅπλων
1193 1965 1311 2049 οἰχ
1358 1965 1530 2053 ἥττω
1600 1993 1637 2051 η
1705 1968 1788 2033 τὰ
1851 1970 2059 2052 χρυσᾶ
2127 1970 2402 2051 παρεῖχε
2465 1965 2701 2054 χρειω

451 2067 767 2135 Plutarch.
815 2070 894 2136 de
916 2068 1141 2136 Notitt.
1190 2087 1407 2135 comm.
1442 2070 1537 2135 XI
1564 2068 1746 2150 1663,
1790 2074 2025 2157 χρυσοῖ
2064 2070 2175 2136 καὶ
2223 2065 2389 2155 ἆργί·
2393 2094 2536 2156 pem
2570 2071 2698 2137 Ae-

449 2173 596 2237 lian.
643 2172 808 2237 Hist.
855 2172 1014 2237 Ann.
1059 2172 1125 2238 II
1176 2172 1246 2237 11
1297 2192 1364 2254 p.
1406 2171 1508 2240 35.
1553 2172 1614 2253 4,
1662 2168 1953 2257 ἀγγείοις
1993 2165 2039 2261 ἢ
2084 2167 2506 2258 κεραμέοις’
2481 2167 2527 2262 η’
2573 2169 2697 2258 ἂρ·

452 2279 675 2363 γυροῒς
720 2275 946 2340 Athen.
991 2274 1082 2340 IV
1131 2274 1252 2340 152
1298 2274 1348 2340 C
1416 2276 1520 2359 (ex
1564 2275 1946 2357 Posidonio),
2015 2272 2077 2341 οἱ
2124 2268 2320 2361 ἷίφεις
2363 2268 2534 2360 ἦσαν
2578 2275 2698 2359 τὴν

452 2374 612 2462 ὕλην
651 2384 897 2462 χρυσοῖ,
945 2378 1060 2464 τὴν
1107 2380 1180 2446 δὲ
1208 2368 1456 2463 ’χροιὰν
1502 2375 1759 2444 κυάνεοι
1780 2377 2026 2444 Heliod.
2057 2376 2156 2470 III
2199 2377 2260 2444 4.
2311 2376 2450 2457 113,
2498 2374 2695 2473 λεκοξ-

450 2506 566 2567 νην
606 2481 886 2567 χρυσέαν
931 2476 975 2568 ἢ
1018 2477 1309 2567 ἀργυρᾶν
1351 2482 1593 2550 Artem.
1616 2480 1713 2545 III
1745 2480 1865 2560 30„
1893 2482 2037 2562 287,
2079 2480 2338 2567 χρυσέῳ
2382 2475 2697 2569 στεφάνῳ

448 2583 644 2649 Inscr.
690 2583 820 2649 Att.
865 2584 1090 2650 FranZ.
1133 2584 1399 2651 Elemm.
1444 2603 1506 2665 p.
1559 2582 1681 2648 178
1721 2583 1828 2648 lin.
1876 2581 1987 2670 34,
2031 2579 2253 2651 εἰκόνα
2315 2585 2565 2671 χαλκῆν
2608 2585 2695 2650 ib.

447 2687 554 2752 lin.
599 2685 702 2767 110,
744 2685 945 2753 ἵπποι
990 2681 1253 2752 κυάνεοι
1308 2721 1376 2734 --
1425 2682 1658 2772 χαίτην
1702 2684 1777 2752 δὲ
1818 2680 2185 2772 ἀμφιλαφῆ
2246 2689 2503 2754 κυανῶν
2557 2680 2694 2753 ἀπ·

452 2792 849 2877 αιωροῦντες
871 2784 1161 2870 αὐχένων
1202 2788 1497 2854 Philostr.
1520 2786 1873 2868 Iun.Imag.
1920 2807 1968 2852 c.
2015 2786 2108 2851 IX
2152 2787 2280 2856 874
2326 2787 2482 2871 (123
2504 2788 2693 2871 Jac.)‚

447 2892 561 2957 sed
625 2896 949 2973 suspectat
999 2892 1332 2958 Jacobsius
1397 2890 1482 2975 [v.
1531 2884 1611 2956 ad
1655 2890 1886 2974 Phryn.
1929 2909 1990 2971 p.
2041 2888 2160 2955 107
2207 2891 2350 2976 sq.].
2400 2925 2471 2939 —-
2527 2888 2693 2957 Sub—

448 2994 864 3059 stantivorum
922 2994 1151 3058 tertiae
1217 2991 1652 3059 declinationis
1676 3043 1692 3074 ,
1760 3012 1923 3074 quae
1989 2993 2054 3057 in
2120 2992 2444 3064 declinata
2503 2993 2694 3057 modo

448 3097 729 3177 integras
795 3095 1058 3159 servant
1116 3094 1365 3159 vocales
1390 3143 1405 3172 ,
1473 3095 1659 3159 modo
1723 3096 2045 3176 synaeresi
2109 3096 2381 3162 miscent
2398 3143 2414 3173 ,
2493 3113 2693 3159 unum

447 3198 711 3280 seligam
750 3199 819 3262 in
877 3196 1098 3262 eodem
1160 3196 1299 3262 loco
1365 3196 1614 3261 diverse
1677 3196 2010 3290 scriptum:
2076 3192 2117 3283 ἡ
2184 3195 2459 3283 μεγίστη
2527 3192 2690 3261 ἀνά»

443 3297 945 3387 βασιςγίνεται
1014 3295 1225 3366 εἴκοσι
1282 3295 1651 3385 πήχεωνμ
1701 3292 1742 3384 ἦ
1811 3296 1887 3364 δὲ
1951 3298 2107 3385 περὶ
2160 3301 2467 3385 Μένδητα
2535 3295 2690 3386 πή-

443 3430 643 3487 χεων
710 3399 808 3484 ἓξ,
877 3397 914 3487 ἡ
985 3403 1058 3470 δὲ
1123 3403 1285 3490 μέση
1335 3437 1407 3448 --
1459 3398 1964 3489 δεκατεσσάρων
2036 3403 2304 3488 πΙηχῶν
2367 3401 2694 3472 Plutarch.

447 3508 530 3572 de
577 3507 661 3571 Is.
716 3505 933 3571 XLIII
988 3502 1113 3569 368
1169 3505 1223 3569 Β
1290 3509 1357 3568 et
1415 3504 1486 3569 in
1552 3504 1776 3570 eadem
1837 3503 2069 3586 pagina
2134 3504 2448 3578 Aristaen.
2493 3504 2529 3569 Ι
2570 3505 2688 3587 Ep.

444 3608 598 3676 XVI
651 3608 726 3674 18
770 3610 1043 3690 primum
1088 3611 1217 3671 τῶν
1272 3607 1506 3685 χειλῶν
1546 3611 1639 3671 .et
1701 3625 1827 3671 non
1891 3606 2092 3672 multo
2155 3610 2301 3688 post
2364 3613 2491 3672 τῶν
2552 3631 2688 3689 χει-

446 3712 630 3777 λέων.
744 3711 841 3777 De
906 3709 1014 3774 illo
1080 3713 1147 3773 et
1211 3708 1531 3784 similiter,
1567 3708 1906 3774 contractis
1964 3704 2223 3789 ἀνθῶν,-
2289 3709 2505 3791 βελῶν
2568 3716 2688 3776 etc.

445 3815 596 3897 quid
633 3812 1031 3896 grammatici
1072 3811 1492 3893 praecipiant,
1536 3815 1755 3876 notum
1800 3817 1901 3876 est
1954 3809 2209 3894 [Phryn.
2255 3811 2380 3876 245
2428 3812 2570 3896 sq.].
2606 3849 2677 3860 --

314 3943 362 3966 ·-
444 3916 693 3982 Nomen
777 3915 1064 3980 eiusdem
1151 3913 1587 3979 declinationis
1686 3910 1802 3998 ἔαρ
1894 3912 2233 3992 scriptores
2323 3913 2520 4006 Attici
2620 3919 2689 3981 et

444 4017 552 4101 qui
618 4035 982 4083 communes
1040 4021 1344 4082 vocantur
1408 4033 1536 4080 non
1599 4014 1980 4080 contrahunt
2001 4063 2016 4094 ,
2092 4014 2206 4080 sed
2279 4032 2464 4080 caeus
2546 4016 2685 4082 eius
2790 4055 2793 4060 >

445 4120 731 4202 obliquos
797 4123 865 4184 et
948 4119 1327 4186 adjectivum
1389 4118 1536 4183 hinc
1622 4116 1974 4183 derivatum
1997 4166 2015 4198 ,
2100 4134 2178 4183 ac
2238 4135 2685 4200 nonnunquam
2722 4144 2741 4162 ·

583 4343 642 4412 2)
690 4345 749 4396 V.
782 4344 856 4397 aa
887 4344 1034 4398 Azao.
1064 4359 1120 4410 p.
1155 4341 1245 4404 ει,
1283 4341 1487 4395 Palma.
1524 4342 1565 4394 1
1590 4340 1659 4395 47
1693 4357 1770 4409 aq.
1806 4317 2124 4395 dama.

2740 236 2757 253 ’
2866 284 2876 435 ι

2870 574 2875 797 4
