<?xml version="1.0" encoding="UTF-8"?>
<!DOCTYPE html PUBLIC "-//W3C//DTD XHTML 1.0 Transitional//EN"
    "http://www.w3.org/TR/xhtml1/DTD/xhtml1-transitional.dtd">
<html xmlns="http://www.w3.org/1999/xhtml" xml:lang="en" lang="en">
 <head>
  <title>
</title>
<meta http-equiv="Content-Type" content="text/html;charset=utf-8" />
  <meta name='ocr-system' content='tesseract 3.04.00' />
  <meta name='ocr-capabilities' content='ocr_page ocr_carea ocr_par ocr_line ocrx_word'/>
</head>
<body>
  <div class='ocr_page' id='page_1' title='image "./pathologiaegrae02lobegoog_0038.png"; bbox 0 0 2946 4928; ppageno 0'>
   <div class='ocr_carea' id='block_1_1' title="bbox 386 308 1901 434">
    <p class='ocr_par' dir='ltr' id='par_1_1' title="bbox 386 308 1901 434">
     <span class='ocr_line' id='line_1_1' title="bbox 386 308 1901 434; baseline -0.011 1"><span class='ocrx_word' id='word_1_1' title='bbox 386 347 494 434; x_wconf 72' lang='lat'>‘22</span> <span class='ocrx_word' id='word_1_2' title='bbox 680 308 689 319; x_wconf 48' lang='lat'>⁸</span> <span class='ocrx_word' id='word_1_3' title='bbox 1167 352 1726 424; x_wconf 65' lang='lat' dir='ltr'>mssmzrano</span> <span class='ocrx_word' id='word_1_4' title='bbox 1792 352 1901 429; x_wconf 76' lang='lat' dir='ltr'>vi,</span> 
     </span>
    </p>
   </div>
   <div class='ocr_carea' id='block_1_2' title="bbox 407 488 2792 600">
    <p class='ocr_par' dir='ltr' id='par_1_2' title="bbox 407 488 2792 600">
     <span class='ocr_line' id='line_1_2' title="bbox 407 488 2792 600; baseline -0.008 -4"><span class='ocrx_word' id='word_1_5' title='bbox 407 530 511 596; x_wconf 89' lang='lat' dir='ltr'>hic</span> <span class='ocrx_word' id='word_1_6' title='bbox 554 527 735 594; x_wconf 90' lang='lat' dir='ltr'>addit</span> <span class='ocrx_word' id='word_1_7' title='bbox 773 525 1119 591; x_wconf 77' lang='lat' dir='ltr'><strong>Pindarum</strong></span> <span class='ocrx_word' id='word_1_8' title='bbox 1161 517 1403 588; x_wconf 74' lang='grc' dir='ltr'>Πυθόϊ</span> <span class='ocrx_word' id='word_1_9' title='bbox 1436 535 1783 600; x_wconf 78' lang='lat' dir='ltr'>usurpasse</span> <span class='ocrx_word' id='word_1_10' title='bbox 1800 567 1815 597; x_wconf 89' lang='lat'>,</span> <span class='ocrx_word' id='word_1_11' title='bbox 1881 517 1950 583; x_wconf 92' lang='lat' dir='ltr'>id</span> <span class='ocrx_word' id='word_1_12' title='bbox 2010 535 2127 599; x_wconf 89' lang='lat' dir='ltr'>pro</span> <span class='ocrx_word' id='word_1_13' title='bbox 2179 533 2304 580; x_wconf 92' lang='lat' dir='ltr'>usu</span> <span class='ocrx_word' id='word_1_14' title='bbox 2346 515 2664 579; x_wconf 89' lang='lat' dir='ltr'>communi</span> <span class='ocrx_word' id='word_1_15' title='bbox 2777 488 2792 503; x_wconf 66' lang='grc'><em>’</em></span> 
     </span>
    </p>
   </div>
   <div class='ocr_carea' id='block_1_3' title="bbox 407 607 2758 1939">
    <p class='ocr_par' dir='ltr' id='par_1_3' title="bbox 407 607 2663 798">
     <span class='ocr_line' id='line_1_3' title="bbox 409 607 2663 697; baseline -0.008 0"><span class='ocrx_word' id='word_1_16' title='bbox 409 638 478 697; x_wconf 86' lang='lat' dir='ltr'>et</span> <span class='ocrx_word' id='word_1_17' title='bbox 517 629 854 696; x_wconf 90' lang='lat' dir='ltr'>Homerico</span> <span class='ocrx_word' id='word_1_18' title='bbox 919 631 1092 693; x_wconf 89' lang='lat' dir='ltr'>certe</span> <span class='ocrx_word' id='word_1_19' title='bbox 1144 624 1302 691; x_wconf 86' lang='lat' dir='ltr'><strong>nihil</strong></span> <span class='ocrx_word' id='word_1_20' title='bbox 1360 622 1548 688; x_wconf 86' lang='lat' dir='ltr'>valet.</span> <span class='ocrx_word' id='word_1_21' title='bbox 1668 619 1966 685; x_wconf 80' lang='lat' dir='ltr'>Curatius</span> <span class='ocrx_word' id='word_1_22' title='bbox 2031 617 2190 682; x_wconf 89' lang='lat' dir='ltr'>haec</span> <span class='ocrx_word' id='word_1_23' title='bbox 2223 607 2530 683; x_wconf 72' lang='lat' dir='ltr'>‘disserui</span> <span class='ocrx_word' id='word_1_24' title='bbox 2597 617 2663 681; x_wconf 93' lang='lat' dir='ltr'>in</span> 
     </span>
     <span class='ocr_line' id='line_1_4' title="bbox 407 712 1161 798; baseline -0.009 0"><span class='ocrx_word' id='word_1_25' title='bbox 407 732 698 798; x_wconf 84' lang='lat' dir='ltr'>Rhemat.</span> <span class='ocrx_word' id='word_1_26' title='bbox 741 729 870 796; x_wconf 81' lang='lat'>290</span> <span class='ocrx_word' id='word_1_27' title='bbox 913 729 1056 794; x_wconf 90' lang='lat' dir='ltr'>adn.</span> <span class='ocrx_word' id='word_1_28' title='bbox 1081 712 1161 792; x_wconf 75' lang='lat'>—31</span> 
     </span>
    </p>

    <p class='ocr_par' dir='ltr' id='par_1_4' title="bbox 409 821 2758 1939">
     <span class='ocr_line' id='line_1_5' title="bbox 581 821 2664 913; baseline -0.006 -15"><span class='ocrx_word' id='word_1_29' title='bbox 581 832 657 898; x_wconf 93' lang='lat' dir='ltr'>In</span> <span class='ocrx_word' id='word_1_30' title='bbox 698 832 818 897; x_wconf 92' lang='lat' dir='ltr'>hoc</span> <span class='ocrx_word' id='word_1_31' title='bbox 863 823 1071 913; x_wconf 88' lang='lat' dir='ltr'>amplo</span> <span class='ocrx_word' id='word_1_32' title='bbox 1115 828 1402 909; x_wconf 87' lang='lat' dir='ltr'>catalogo</span> <span class='ocrx_word' id='word_1_33' title='bbox 1440 825 1685 890; x_wconf 92' lang='lat' dir='ltr'>nullum</span> <span class='ocrx_word' id='word_1_34' title='bbox 1728 825 1911 903; x_wconf 85' lang='lat' dir='ltr'>inest,</span> <span class='ocrx_word' id='word_1_35' title='bbox 1956 824 2023 887; x_wconf 92' lang='lat' dir='ltr'>in</span> <span class='ocrx_word' id='word_1_36' title='bbox 2059 841 2261 904; x_wconf 82' lang='lat' dir='ltr'>qu00</span> <span class='ocrx_word' id='word_1_37' title='bbox 2204 823 2285 835; x_wconf 85' lang='grc'>“““</span> <span class='ocrx_word' id='word_1_38' title='bbox 2304 823 2501 887; x_wconf 89' lang='lat' dir='ltr'>micro</span> <span class='ocrx_word' id='word_1_39' title='bbox 2533 821 2664 886; x_wconf 89' lang='lat' dir='ltr'>iota</span> 
     </span>
     <span class='ocr_line' id='line_1_6' title="bbox 409 920 2758 1024; baseline -0.006 -22"><span class='ocrx_word' id='word_1_40' title='bbox 409 920 667 1024; x_wconf 83' lang='lat' dir='ltr'>longum</span> <span class='ocrx_word' id='word_1_41' title='bbox 722 934 1013 1013; x_wconf 78' lang='lat' dir='ltr'>accedat,</span> <span class='ocrx_word' id='word_1_42' title='bbox 1080 932 1272 1013; x_wconf 89' lang='lat' dir='ltr'>idque</span> <span class='ocrx_word' id='word_1_43' title='bbox 1315 929 1721 995; x_wconf 87' lang='lat' dir='ltr'>Hermannus</span> <span class='ocrx_word' id='word_1_44' title='bbox 1784 927 1864 990; x_wconf 91' lang='lat' dir='ltr'>de</span> <span class='ocrx_word' id='word_1_45' title='bbox 1922 925 2061 990; x_wconf 90' lang='lat' dir='ltr'>Em.</span> <span class='ocrx_word' id='word_1_46' title='bbox 2108 923 2216 990; x_wconf 86' lang='lat' dir='ltr'>Gr.</span> <span class='ocrx_word' id='word_1_47' title='bbox 2261 925 2403 990; x_wconf 86' lang='lat' dir='ltr'>Rat.</span> <span class='ocrx_word' id='word_1_48' title='bbox 2470 944 2531 1006; x_wconf 90' lang='lat' dir='ltr'>p</span> <span class='ocrx_word' id='word_1_49' title='bbox 2578 923 2662 988; x_wconf 79' lang='lat'>42</span> <span class='ocrx_word' id='word_1_50' title='bbox 2725 949 2758 959; x_wconf 75' lang='grc'><em>·</em></span> 
     </span>
     <span class='ocr_line' id='line_1_7' title="bbox 411 1027 2664 1133; baseline -0.006 -29"><span class='ocrx_word' id='word_1_51' title='bbox 411 1039 660 1133; x_wconf 79' lang='lat' dir='ltr'>omnino</span> <span class='ocrx_word' id='word_1_52' title='bbox 704 1035 845 1102; x_wconf 90' lang='lat' dir='ltr'>fieri</span> <span class='ocrx_word' id='word_1_53' title='bbox 886 1051 1073 1118; x_wconf 90' lang='lat' dir='ltr'>posse</span> <span class='ocrx_word' id='word_1_54' title='bbox 1115 1031 1397 1113; x_wconf 84' lang='lat' dir='ltr'>negavit,</span> <span class='ocrx_word' id='word_1_55' title='bbox 1465 1047 1682 1093; x_wconf 88' lang='lat' dir='ltr'>omnes</span> <span class='ocrx_word' id='word_1_56' title='bbox 1727 1027 2147 1109; x_wconf 83' lang='lat' dir='ltr'>diphthongos</span> <span class='ocrx_word' id='word_1_57' title='bbox 2201 1028 2453 1093; x_wconf 82' lang='lat' dir='ltr'><strong>literam</strong></span> <span class='ocrx_word' id='word_1_58' title='bbox 2497 1042 2664 1108; x_wconf 87' lang='lat' dir='ltr'>quae</span> 
     </span>
     <span class='ocr_line' id='line_1_8' title="bbox 411 1114 2667 1212; baseline -0.006 -6"><span class='ocrx_word' id='word_1_59' title='bbox 411 1141 636 1206; x_wconf 88' lang='lat' dir='ltr'>ultima</span> <span class='ocrx_word' id='word_1_60' title='bbox 678 1143 780 1204; x_wconf 87' lang='lat' dir='ltr'>est</span> <span class='ocrx_word' id='word_1_61' title='bbox 819 1138 1076 1201; x_wconf 88' lang='lat' dir='ltr'>brevem</span> <span class='ocrx_word' id='word_1_62' title='bbox 1120 1132 1357 1198; x_wconf 91' lang='lat' dir='ltr'>habere</span> <span class='ocrx_word' id='word_1_63' title='bbox 1401 1131 1738 1209; x_wconf 84' lang='lat' dir='ltr'>dicticans;</span> <span class='ocrx_word' id='word_1_64' title='bbox 1781 1135 1976 1212; x_wconf 91' lang='lat' dir='ltr'>atque</span> <span class='ocrx_word' id='word_1_65' title='bbox 2017 1130 2137 1195; x_wconf 89' lang='lat' dir='ltr'>hac</span> <span class='ocrx_word' id='word_1_66' title='bbox 2157 1130 2403 1195; x_wconf 87' lang='lat' dir='ltr'>ratione</span> <span class='ocrx_word' id='word_1_67' title='bbox 2425 1114 2667 1210; x_wconf 82' lang='lat' dir='ltr'>colligit</span> 
     </span>
     <span class='ocr_line' id='line_1_9' title="bbox 414 1229 2662 1322; baseline -0.005 -14"><span class='ocrx_word' id='word_1_68' title='bbox 414 1242 683 1308; x_wconf 91' lang='lat' dir='ltr'>nominis</span> <span class='ocrx_word' id='word_1_69' title='bbox 708 1238 1019 1322; x_wconf 86' lang='lat' dir='ltr'>bisyllabi</span> <span class='ocrx_word' id='word_1_70' title='bbox 1073 1229 1273 1313; x_wconf 57' lang='lat' dir='ltr'>Ques»</span> <span class='ocrx_word' id='word_1_71' title='bbox 1260 1259 1312 1312; x_wconf 84' lang='grc' dir='ltr'><em>ς</em></span> <span class='ocrx_word' id='word_1_72' title='bbox 1364 1233 1649 1298; x_wconf 80' lang='lat' dir='ltr'><strong>vocalem</strong></span> <span class='ocrx_word' id='word_1_73' title='bbox 1690 1233 2001 1297; x_wconf 90' lang='lat' dir='ltr'>initialem</span> <span class='ocrx_word' id='word_1_74' title='bbox 2044 1237 2259 1297; x_wconf 88' lang='lat' dir='ltr'>mutae</span> <span class='ocrx_word' id='word_1_75' title='bbox 2303 1233 2506 1296; x_wconf 89' lang='lat' dir='ltr'>instar</span> <span class='ocrx_word' id='word_1_76' title='bbox 2549 1230 2662 1295; x_wconf 90' lang='lat' dir='ltr'>ha-</span> 
     </span>
     <span class='ocr_line' id='line_1_10' title="bbox 413 1333 2665 1423; baseline -0.004 -14"><span class='ocrx_word' id='word_1_77' title='bbox 413 1345 611 1410; x_wconf 90' lang='lat' dir='ltr'>bitam</span> <span class='ocrx_word' id='word_1_78' title='bbox 678 1360 819 1407; x_wconf 88' lang='lat' dir='ltr'>esse</span> <span class='ocrx_word' id='word_1_79' title='bbox 888 1343 1309 1423; x_wconf 84' lang='lat' dir='ltr'>praesonante</span> <span class='ocrx_word' id='word_1_80' title='bbox 1362 1338 1522 1416; x_wconf 86' lang='lat' dir='ltr'>iota,</span> <span class='ocrx_word' id='word_1_81' title='bbox 1589 1335 1692 1400; x_wconf 89' lang='lat' dir='ltr'>cui</span> <span class='ocrx_word' id='word_1_82' title='bbox 1754 1333 1930 1399; x_wconf 92' lang='lat' dir='ltr'>illam</span> <span class='ocrx_word' id='word_1_83' title='bbox 1995 1334 2392 1419; x_wconf 25' lang='lat' dir='ltr'>extrinsecus·</span> <span class='ocrx_word' id='word_1_84' title='bbox 2442 1352 2665 1415; x_wconf 87' lang='lat' dir='ltr'>super-</span> 
     </span>
     <span class='ocr_line' id='line_1_11' title="bbox 411 1431 2664 1518; baseline -0.004 -8"><span class='ocrx_word' id='word_1_85' title='bbox 411 1446 663 1510; x_wconf 80' lang='lat' dir='ltr'>venisse</span> <span class='ocrx_word' id='word_1_86' title='bbox 729 1450 901 1510; x_wconf 78' lang='lat' dir='ltr'>certe</span> <span class='ocrx_word' id='word_1_87' title='bbox 966 1443 1012 1507; x_wconf 93' lang='lat' dir='ltr'>ii</span> <span class='ocrx_word' id='word_1_88' title='bbox 1080 1441 1511 1517; x_wconf 85' lang='lat' dir='ltr'>crediderunt,</span> <span class='ocrx_word' id='word_1_89' title='bbox 1578 1437 1687 1518; x_wconf 87' lang='lat' dir='ltr'>qui</span> <span class='ocrx_word' id='word_1_90' title='bbox 1737 1431 1941 1513; x_wconf 77' lang='grc' dir='ltr'>Ἰλεὺς</span> <span class='ocrx_word' id='word_1_91' title='bbox 1994 1436 2383 1517; x_wconf 89' lang='lat' dir='ltr'>scripserunt</span> <span class='ocrx_word' id='word_1_92' title='bbox 2446 1436 2664 1502; x_wconf 88' lang='lat' dir='ltr'>addito</span> 
     </span>
     <span class='ocr_line' id='line_1_12' title="bbox 415 1535 2665 1629; baseline -0.004 -16"><span class='ocrx_word' id='word_1_93' title='bbox 415 1554 624 1629; x_wconf 81' lang='lat' dir='ltr'>etymo</span> <span class='ocrx_word' id='word_1_94' title='bbox 686 1541 829 1611; x_wconf 81' lang='grc' dir='ltr'>ἆπό</span> <span class='ocrx_word' id='word_1_95' title='bbox 885 1548 1003 1610; x_wconf 78' lang='grc' dir='ltr'>τοῦ</span> <span class='ocrx_word' id='word_1_96' title='bbox 1044 1541 1258 1622; x_wconf 75' lang='grc' dir='ltr'>ἵλαος,</span> <span class='ocrx_word' id='word_1_97' title='bbox 1303 1560 1360 1605; x_wconf 80' lang='lat' dir='ltr'>v.</span> <span class='ocrx_word' id='word_1_98' title='bbox 1385 1538 1650 1604; x_wconf 86' lang='lat' dir='ltr'>Elem‘m.</span> <span class='ocrx_word' id='word_1_99' title='bbox 1694 1536 1728 1602; x_wconf 91' lang='grc' dir='ltr'>Ι</span> <span class='ocrx_word' id='word_1_100' title='bbox 1772 1535 1874 1602; x_wconf 86' lang='grc'>85.</span> <span class='ocrx_word' id='word_1_101' title='bbox 1962 1537 2228 1602; x_wconf 83' lang='lat' dir='ltr'><strong>Praeter</strong></span> <span class='ocrx_word' id='word_1_102' title='bbox 2279 1537 2399 1603; x_wconf 90' lang='lat' dir='ltr'>hoc</span> <span class='ocrx_word' id='word_1_103' title='bbox 2451 1538 2665 1604; x_wconf 83' lang='lat' dir='ltr'>herois</span> 
     </span>
     <span class='ocr_line' id='line_1_13' title="bbox 413 1639 2665 1728; baseline -0.004 -15"><span class='ocrx_word' id='word_1_104' title='bbox 413 1666 642 1713; x_wconf 91' lang='lat' dir='ltr'>nomen</span> <span class='ocrx_word' id='word_1_105' title='bbox 684 1648 818 1711; x_wconf 88' lang='lat' dir='ltr'>iota</span> <span class='ocrx_word' id='word_1_106' title='bbox 859 1646 1115 1728; x_wconf 89' lang='lat' dir='ltr'>longum</span> <span class='ocrx_word' id='word_1_107' title='bbox 1158 1662 1301 1709; x_wconf 90' lang='lat' dir='ltr'>cum</span> <span class='ocrx_word' id='word_1_108' title='bbox 1328 1644 1397 1713; x_wconf 70' lang='grc' dir='ltr'>’ἶ</span> <span class='ocrx_word' id='word_1_109' title='bbox 1420 1639 1812 1722; x_wconf 81' lang='lat' dir='ltr'>colliquescit</span> <span class='ocrx_word' id='word_1_110' title='bbox 1853 1639 1919 1704; x_wconf 89' lang='lat' dir='ltr'>in</span> <span class='ocrx_word' id='word_1_111' title='bbox 1947 1640 2265 1705; x_wconf 89' lang='lat' dir='ltr'>nonnullis</span> <span class='ocrx_word' id='word_1_112' title='bbox 2293 1639 2665 1721; x_wconf 79' lang='lat' dir='ltr'>barbaricis,</span> 
     </span>
     <span class='ocr_line' id='line_1_14' title="bbox 414 1738 2667 1833; baseline -0.004 -18"><span class='ocrx_word' id='word_1_113' title='bbox 414 1768 578 1833; x_wconf 90' lang='lat' dir='ltr'>quae</span> <span class='ocrx_word' id='word_1_114' title='bbox 623 1748 983 1831; x_wconf 82' lang='lat' dir='ltr'>Stephanus</span> <span class='ocrx_word' id='word_1_115' title='bbox 1026 1748 1260 1829; x_wconf 81' lang='lat' dir='ltr'>promit</span> <span class='ocrx_word' id='word_1_116' title='bbox 1301 1745 1538 1827; x_wconf 89' lang='lat' dir='ltr'>duplici</span> <span class='ocrx_word' id='word_1_117' title='bbox 1566 1738 1752 1808; x_wconf 90' lang='lat' dir='ltr'>modo</span> <span class='ocrx_word' id='word_1_118' title='bbox 1777 1743 2016 1824; x_wconf 89' lang='lat' dir='ltr'>scripta</span> <span class='ocrx_word' id='word_1_119' title='bbox 2042 1738 2277 1808; x_wconf 80' lang='grc' dir='ltr'><em>Βουτώ</em></span> <span class='ocrx_word' id='word_1_120' title='bbox 2300 1741 2667 1830; x_wconf 78' lang='grc' dir='ltr'>Βουτοΐτης</span> 
     </span>
     <span class='ocr_line' id='line_1_15' title="bbox 423 1841 2666 1939; baseline -0.003 -21"><span class='ocrx_word' id='word_1_121' title='bbox 423 1848 466 1939; x_wconf 79' lang='grc' dir='ltr'>ἢ</span> <span class='ocrx_word' id='word_1_122' title='bbox 487 1849 858 1938; x_wconf 82' lang='grc' dir='ltr'>Βουτοίτης</span> <span class='ocrx_word' id='word_1_123' title='bbox 902 1847 991 1928; x_wconf 81' lang='grc' dir='ltr'>ὥς</span> <span class='ocrx_word' id='word_1_124' title='bbox 1035 1855 1153 1937; x_wconf 85' lang='grc' dir='ltr'>τῆς</span> <span class='ocrx_word' id='word_1_125' title='bbox 1193 1852 1458 1932; x_wconf 81' lang='grc' dir='ltr'>Σαβοῦς</span> <span class='ocrx_word' id='word_1_126' title='bbox 1486 1844 1813 1931; x_wconf 74' lang='grc' dir='ltr'>Σαβοΐτης</span> <span class='ocrx_word' id='word_1_127' title='bbox 1856 1843 1966 1910; x_wconf 82' lang='grc' dir='ltr'>καὶ</span> <span class='ocrx_word' id='word_1_128' title='bbox 1989 1841 2320 1930; x_wconf 81' lang='grc' dir='ltr'>Σαβοίτης</span> <span class='ocrx_word' id='word_1_129' title='bbox 2371 1850 2438 1910; x_wconf 80' lang='lat' dir='ltr'>et</span> <span class='ocrx_word' id='word_1_130' title='bbox 2468 1843 2666 1926; x_wconf 74' lang='grc' dir='ltr'><strong><em>Ψεβώ</em></strong></span> 
     </span>
    </p>
   </div>
   <div class='ocr_carea' id='block_1_4' title="bbox 284 1944 2666 2141">
    <p class='ocr_par' dir='ltr' id='par_1_5' title="bbox 284 1944 2666 2141">
     <span class='ocr_line' id='line_1_16' title="bbox 290 1944 2666 2043; baseline -0.003 -23"><span class='ocrx_word' id='word_1_131' title='bbox 290 1973 301 1986; x_wconf 91' lang='lat'><strong>·</strong></span> <span class='ocrx_word' id='word_1_132' title='bbox 424 1952 772 2043; x_wconf 65' lang='grc' dir='ltr'>Ψεβοΐτης,</span> <span class='ocrx_word' id='word_1_133' title='bbox 796 1950 973 2016; x_wconf 86' lang='lat' dir='ltr'>codd.</span> <span class='ocrx_word' id='word_1_134' title='bbox 994 1947 1321 2038; x_wconf 76' lang='grc' dir='ltr'>Ψεβοίτης</span> <span class='ocrx_word' id='word_1_135' title='bbox 1344 1955 1462 2016; x_wconf 89' lang='lat' dir='ltr'>etc.</span> <span class='ocrx_word' id='word_1_136' title='bbox 1490 1944 1904 2033; x_wconf 82' lang='lat' dir='ltr'>[Prou.384];</span> <span class='ocrx_word' id='word_1_137' title='bbox 1939 1945 2053 2010; x_wconf 89' lang='lat' dir='ltr'>sed</span> <span class='ocrx_word' id='word_1_138' title='bbox 2076 1946 2368 2011; x_wconf 86' lang='lat' dir='ltr'>distincte</span> <span class='ocrx_word' id='word_1_139' title='bbox 2392 1954 2581 2037; x_wconf 69' lang='lat' dir='ltr'>sonat</span> <span class='ocrx_word' id='word_1_140' title='bbox 2601 1949 2666 2014; x_wconf 89' lang='lat' dir='ltr'>in</span> 
     </span>
     <span class='ocr_line' id='line_1_17' title="bbox 284 2047 2664 2141; baseline -0.003 -19"><span class='ocrx_word' id='word_1_141' title='bbox 284 2064 293 2065; x_wconf 48' lang='lat'><em>⁷</em></span> <span class='ocrx_word' id='word_1_142' title='bbox 418 2054 822 2122; x_wconf 81' lang='lat' dir='ltr'>Graecanicis</span> <span class='ocrx_word' id='word_1_143' title='bbox 848 2048 1179 2141; x_wconf 76' lang='grc' dir='ltr'>Εὗβοΐτης</span> <span class='ocrx_word' id='word_1_144' title='bbox 1202 2047 1915 2137; x_wconf 65' lang='lat' dir='ltr'>Strab„‘1nno.902&#39;·zqg</span> <span class='ocrx_word' id='word_1_145' title='bbox 1934 2048 2142 2128; x_wconf 65' lang='lat' dir='ltr'>Paus„</span> <span class='ocrx_word' id='word_1_146' title='bbox 2188 2049 2342 2113; x_wconf 89' lang='lat' dir='ltr'>item</span> <span class='ocrx_word' id='word_1_147' title='bbox 2384 2050 2449 2113; x_wconf 92' lang='lat' dir='ltr'>in</span> <span class='ocrx_word' id='word_1_148' title='bbox 2494 2068 2664 2115; x_wconf 89' lang='lat' dir='ltr'>com·-</span> 
     </span>
    </p>
   </div>
   <div class='ocr_carea' id='block_1_5' title="bbox 415 2150 2669 2850">
    <p class='ocr_par' dir='ltr' id='par_1_6' title="bbox 415 2150 2669 2850">
     <span class='ocr_line' id='line_1_18' title="bbox 415 2150 2667 2241; baseline -0.002 -18"><span class='ocrx_word' id='word_1_149' title='bbox 415 2157 710 2223; x_wconf 92' lang='lat' dir='ltr'>munibus</span> <span class='ocrx_word' id='word_1_150' title='bbox 736 2151 1072 2241; x_wconf 78' lang='grc' dir='ltr'>ὀλιγόὶνος,</span> <span class='ocrx_word' id='word_1_151' title='bbox 1120 2158 1188 2220; x_wconf 85' lang='lat' dir='ltr'>et</span> <span class='ocrx_word' id='word_1_152' title='bbox 1230 2174 1266 2219; x_wconf 91' lang='lat' dir='ltr'>e</span> <span class='ocrx_word' id='word_1_153' title='bbox 1302 2153 1616 2232; x_wconf 85' lang='lat' dir='ltr'>contrario</span> <span class='ocrx_word' id='word_1_154' title='bbox 1636 2152 2003 2240; x_wconf 77' lang='grc' dir='ltr'>τρίγοιπος.</span> <span class='ocrx_word' id='word_1_155' title='bbox 2049 2150 2337 2216; x_wconf 74' lang='lat' dir='ltr'>Dativo’</span> <span class='ocrx_word' id='word_1_156' title='bbox 2303 2161 2370 2218; x_wconf 86' lang='grc' dir='ltr'>οι</span> <span class='ocrx_word' id='word_1_157' title='bbox 2366 2151 2667 2219; x_wconf 85' lang='lat' dir='ltr'>&#39;‘similem</span> 
     </span>
     <span class='ocr_line' id='line_1_19' title="bbox 418 2247 2667 2345; baseline -0.002 -19"><span class='ocrx_word' id='word_1_158' title='bbox 418 2277 642 2326; x_wconf 87' lang='lat' dir='ltr'>sonum</span> <span class='ocrx_word' id='word_1_159' title='bbox 704 2257 1003 2324; x_wconf 88' lang='lat' dir='ltr'>habuisse</span> <span class='ocrx_word' id='word_1_160' title='bbox 1058 2258 1557 2345; x_wconf 88' lang='lat' dir='ltr'>interiectionem</span> <span class='ocrx_word' id='word_1_161' title='bbox 1604 2257 1882 2322; x_wconf 91' lang='lat' dir='ltr'>Ionicam</span> <span class='ocrx_word' id='word_1_162' title='bbox 1954 2249 2038 2321; x_wconf 78' lang='grc' dir='ltr'><strong><em>ὅῖ</em></strong></span> <span class='ocrx_word' id='word_1_163' title='bbox 2088 2247 2520 2337; x_wconf 84' lang='lat' dir='ltr'>cognoscimus</span> <span class='ocrx_word' id='word_1_164' title='bbox 2588 2274 2667 2322; x_wconf 88' lang='lat' dir='ltr'>ex</span> 
     </span>
     <span class='ocr_line' id='line_1_20' title="bbox 417 2334 2669 2444; baseline -0.003 -14"><span class='ocrx_word' id='word_1_165' title='bbox 417 2360 863 2444; x_wconf 80' lang='lat' dir='ltr'>Aristophanis</span> <span class='ocrx_word' id='word_1_166' title='bbox 905 2360 1051 2425; x_wconf 90' lang='lat' dir='ltr'>lusu</span> <span class='ocrx_word' id='word_1_167' title='bbox 1093 2359 1237 2424; x_wconf 88' lang='lat' dir='ltr'>Pac.</span> <span class='ocrx_word' id='word_1_168' title='bbox 1283 2356 1411 2425; x_wconf 83' lang='lat'>928</span> <span class='ocrx_word' id='word_1_169' title='bbox 1456 2334 1669 2441; x_wconf 79' lang='lat'><strong>(9&#39;33),</strong></span> <span class='ocrx_word' id='word_1_170' title='bbox 1725 2359 1835 2423; x_wconf 90' lang='lat' dir='ltr'>ubi</span> <span class='ocrx_word' id='word_1_171' title='bbox 1878 2358 2185 2441; x_wconf 81' lang='lat' dir='ltr'>Didymus</span> <span class='ocrx_word' id='word_1_172' title='bbox 2232 2358 2502 2423; x_wconf 89' lang='lat' dir='ltr'>adnotat·</span> <span class='ocrx_word' id='word_1_173' title='bbox 2537 2361 2669 2424; x_wconf 88' lang='lat' dir='ltr'>iota</span> 
     </span>
     <span class='ocr_line' id='line_1_21' title="bbox 419 2460 2666 2550; baseline -0.002 -17"><span class='ocrx_word' id='word_1_174' title='bbox 419 2468 500 2533; x_wconf 88' lang='lat' dir='ltr'>ab</span> <span class='ocrx_word' id='word_1_175' title='bbox 543 2464 802 2531; x_wconf 86' lang='lat' dir='ltr'>Ionibus</span> <span class='ocrx_word' id='word_1_176' title='bbox 846 2462 1124 2545; x_wconf 88' lang='lat' dir='ltr'>produci.</span> <span class='ocrx_word' id='word_1_177' title='bbox 1234 2460 1336 2526; x_wconf 90' lang='lat' dir='ltr'>Ad</span> <span class='ocrx_word' id='word_1_178' title='bbox 1392 2480 1508 2528; x_wconf 91' lang='lat' dir='ltr'>nos</span> <span class='ocrx_word' id='word_1_179' title='bbox 1554 2461 1769 2550; x_wconf 83' lang='lat' dir='ltr'>solum</span> <span class='ocrx_word' id='word_1_180' title='bbox 1822 2462 2113 2543; x_wconf 86' lang='lat' dir='ltr'>pervenit</span> <span class='ocrx_word' id='word_1_181' title='bbox 2164 2462 2666 2544; x_wconf 85' lang='lat' dir='ltr'>monosyllabum</span> 
     </span>
     <span class='ocr_line' id='line_1_22' title="bbox 417 2563 2666 2653; baseline -0.003 -18"><span class='ocrx_word' id='word_1_182' title='bbox 417 2571 791 2653; x_wconf 86' lang='lat' dir='ltr'>plerumque</span> <span class='ocrx_word' id='word_1_183' title='bbox 847 2566 1058 2631; x_wconf 86' lang='lat' dir='ltr'>dativo</span> <span class='ocrx_word' id='word_1_184' title='bbox 1101 2564 1490 2646; x_wconf 74' lang='lat' dir='ltr'>pronominis</span> <span class='ocrx_word' id='word_1_185' title='bbox 1534 2564 1888 2644; x_wconf 89' lang='lat' dir='ltr'>personalis</span> <span class='ocrx_word' id='word_1_186' title='bbox 1931 2564 2370 2646; x_wconf 85' lang='lat' dir='ltr'>praemissum,</span> <span class='ocrx_word' id='word_1_187' title='bbox 2416 2563 2496 2628; x_wconf 91' lang='lat' dir='ltr'>ab</span> <span class='ocrx_word' id='word_1_188' title='bbox 2543 2564 2666 2630; x_wconf 87' lang='lat' dir='ltr'>Ae-</span> 
     </span>
     <span class='ocr_line' id='line_1_23' title="bbox 420 2664 2668 2754; baseline -0.003 -16"><span class='ocrx_word' id='word_1_189' title='bbox 420 2671 635 2754; x_wconf 88' lang='lat' dir='ltr'>schylo</span> <span class='ocrx_word' id='word_1_190' title='bbox 688 2687 839 2734; x_wconf 88' lang='lat' dir='ltr'>vero</span> <span class='ocrx_word' id='word_1_191' title='bbox 883 2665 1218 2749; x_wconf 88' lang='lat' dir='ltr'>aliquoties</span> <span class='ocrx_word' id='word_1_192' title='bbox 1262 2665 1551 2729; x_wconf 89' lang='lat' dir='ltr'>absolute</span> <span class='ocrx_word' id='word_1_193' title='bbox 1594 2664 1870 2745; x_wconf 89' lang='lat' dir='ltr'>positum</span> <span class='ocrx_word' id='word_1_194' title='bbox 1924 2669 2037 2729; x_wconf 89' lang='lat' dir='ltr'>aut</span> <span class='ocrx_word' id='word_1_195' title='bbox 2078 2664 2475 2731; x_wconf 86' lang='lat' dir='ltr'>circumflexo</span> <span class='ocrx_word' id='word_1_196' title='bbox 2516 2672 2668 2733; x_wconf 89' lang='lat' dir='ltr'>tono</span> 
     </span>
     <span class='ocr_line' id='line_1_24' title="bbox 419 2765 2669 2850; baseline -0.004 -9"><span class='ocrx_word' id='word_1_197' title='bbox 419 2776 594 2841; x_wconf 92' lang='lat' dir='ltr'>Pers.</span> <span class='ocrx_word' id='word_1_198' title='bbox 638 2770 764 2837; x_wconf 84' lang='lat'>673</span> <span class='ocrx_word' id='word_1_199' title='bbox 811 2774 878 2835; x_wconf 89' lang='lat' dir='ltr'>et</span> <span class='ocrx_word' id='word_1_200' title='bbox 919 2765 1066 2849; x_wconf 81' lang='lat'>974,</span> <span class='ocrx_word' id='word_1_201' title='bbox 1112 2766 1422 2850; x_wconf 84' lang='lat' dir='ltr'>quomodo</span> <span class='ocrx_word' id='word_1_202' title='bbox 1442 2765 1846 2831; x_wconf 89' lang='lat' dir='ltr'>Hermannus</span> <span class='ocrx_word' id='word_1_203' title='bbox 1891 2766 2160 2847; x_wconf 86' lang='lat' dir='ltr'>scripsit,</span> <span class='ocrx_word' id='word_1_204' title='bbox 2203 2771 2330 2845; x_wconf 76' lang='lat' dir='ltr'>aut,</span> <span class='ocrx_word' id='word_1_205' title='bbox 2375 2772 2449 2832; x_wconf 90' lang='lat' dir='ltr'>ut</span> <span class='ocrx_word' id='word_1_206' title='bbox 2478 2768 2669 2850; x_wconf 83' lang='lat' dir='ltr'>vulgo</span> 
     </span>
    </p>
   </div>
   <div class='ocr_carea' id='block_1_6' title="bbox 420 2876 2670 3056">
    <p class='ocr_par' dir='ltr' id='par_1_7' title="bbox 420 2876 2670 3056">
     <span class='ocr_line' id='line_1_25' title="bbox 420 2876 2670 3056; baseline -0.002 -15"><span class='ocrx_word' id='word_1_207' title='bbox 420 2876 533 2956; x_wconf 47' lang='lat' dir='ltr'>fitq</span> <span class='ocrx_word' id='word_1_208' title='bbox 556 2879 980 3056; x_wconf 48' lang='lat' dir='ltr'>aggtzguram</span> <span class='ocrx_word' id='word_1_209' title='bbox 1025 2917 1395 3053; x_wconf 84' lang='lat' dir='ltr'>diphthongi</span> <span class='ocrx_word' id='word_1_210' title='bbox 1450 2969 1677 3049; x_wconf 85' lang='lat' dir='ltr'>habet,</span> <span class='ocrx_word' id='word_1_211' title='bbox 1750 2967 1865 3034; x_wconf 88' lang='lat' dir='ltr'>sed</span> <span class='ocrx_word' id='word_1_212' title='bbox 1929 2973 2312 3048; x_wconf 87' lang='lat' dir='ltr'>potestatem</span> <span class='ocrx_word' id='word_1_213' title='bbox 2367 2970 2670 3052; x_wconf 88' lang='lat' dir='ltr'>simplicis</span> 
     </span>
    </p>
   </div>
   <div class='ocr_carea' id='block_1_7' title="bbox 420 3063 2670 3170">
    <p class='ocr_par' dir='ltr' id='par_1_8' title="bbox 420 3063 2670 3170">
     <span class='ocr_line' id='line_1_26' title="bbox 420 3063 2670 3170; baseline -0.003 -23"><span class='ocrx_word' id='word_1_214' title='bbox 420 3079 674 3147; x_wconf 73' lang='lat' dir='ltr'>vocalis</span> <span class='ocrx_word' id='word_1_215' title='bbox 739 3076 1071 3142; x_wconf 76' lang='lat' dir='ltr'>Literae‘</span> <span class='ocrx_word' id='word_1_216' title='bbox 1037 3110 1067 3146; x_wconf 82' lang='lat' dir='ltr'>o</span> <span class='ocrx_word' id='word_1_217' title='bbox 1127 3063 1272 3138; x_wconf 86' lang='lat' dir='ltr'>et</span> <span class='ocrx_word' id='word_1_218' title='bbox 1234 3109 1268 3143; x_wconf 79' lang='lat' dir='ltr'><strong><em>v</em></strong></span> <span class='ocrx_word' id='word_1_219' title='bbox 1302 3089 1752 3153; x_wconf 89' lang='lat' dir='ltr'>nonnunquam</span> <span class='ocrx_word' id='word_1_220' title='bbox 1795 3088 1864 3135; x_wconf 90' lang='lat' dir='ltr'>se</span> <span class='ocrx_word' id='word_1_221' title='bbox 1887 3070 2255 3151; x_wconf 80' lang='lat' dir='ltr'>contingunt</span> <span class='ocrx_word' id='word_1_222' title='bbox 2296 3072 2362 3135; x_wconf 91' lang='lat' dir='ltr'>in</span> <span class='ocrx_word' id='word_1_223' title='bbox 2385 3073 2670 3170; x_wconf 81' lang='lat' dir='ltr'>synthesi</span> 
     </span>
    </p>
   </div>
   <div class='ocr_carea' id='block_1_8' title="bbox 423 3166 2792 3268">
    <p class='ocr_par' dir='ltr' id='par_1_9' title="bbox 423 3166 2792 3268">
     <span class='ocr_line' id='line_1_27' title="bbox 423 3166 2792 3268; baseline -0.004 -20"><span class='ocrx_word' id='word_1_224' title='bbox 423 3176 894 3268; x_wconf 75' lang='grc' dir='ltr'>(ὀλιγόΰπνος),</span> <span class='ocrx_word' id='word_1_225' title='bbox 940 3176 1054 3241; x_wconf 90' lang='lat' dir='ltr'>sed</span> <span class='ocrx_word' id='word_1_226' title='bbox 1081 3177 1403 3256; x_wconf 83' lang='lat' dir='ltr'>nunquam</span> <span class='ocrx_word' id='word_1_227' title='bbox 1426 3173 1899 3239; x_wconf 88' lang='lat' dir='ltr'>contrahuntur.</span> <span class='ocrx_word' id='word_1_228' title='bbox 1952 3172 2178 3253; x_wconf 87' lang='lat' dir='ltr'>Itaque</span> <span class='ocrx_word' id='word_1_229' title='bbox 2201 3173 2324 3238; x_wconf 90' lang='lat' dir='ltr'>alio</span> <span class='ocrx_word' id='word_1_230' title='bbox 2344 3166 2669 3242; x_wconf 87' lang='lat' dir='ltr'>vertimur.</span> <span class='ocrx_word' id='word_1_231' title='bbox 2785 3202 2792 3206; x_wconf 94' lang='lat'><em>·</em></span> 
     </span>
    </p>
   </div>
   <div class='ocr_carea' id='block_1_9' title="bbox 424 3275 2669 3465">
    <p class='ocr_par' dir='ltr' id='par_1_10' title="bbox 424 3275 2669 3465">
     <span class='ocr_line' id='line_1_28' title="bbox 595 3275 2669 3368; baseline 0 -25"><span class='ocrx_word' id='word_1_232' title='bbox 595 3284 650 3368; x_wconf 73' lang='lat'>§-</span> <span class='ocrx_word' id='word_1_233' title='bbox 697 3279 755 3345; x_wconf 86' lang='lat'>5.</span> <span class='ocrx_word' id='word_1_234' title='bbox 843 3278 941 3342; x_wconf 88' lang='lat' dir='ltr'>De</span> <span class='ocrx_word' id='word_1_235' title='bbox 986 3275 1517 3359; x_wconf 90' lang='lat' dir='ltr'>diphthongorum</span> <span class='ocrx_word' id='word_1_236' title='bbox 1551 3281 1731 3341; x_wconf 84' lang='lat' dir='ltr'>sexta</span> <span class='ocrx_word' id='word_1_237' title='bbox 1759 3275 2138 3356; x_wconf 89' lang='lat' dir='ltr'>multiplices</span> <span class='ocrx_word' id='word_1_238' title='bbox 2153 3281 2323 3340; x_wconf 89' lang='lat' dir='ltr'>sunt</span> <span class='ocrx_word' id='word_1_239' title='bbox 2343 3279 2669 3344; x_wconf 83' lang='lat' dir='ltr'>cautiones</span> 
     </span>
     <span class='ocr_line' id='line_1_29' title="bbox 424 3375 2668 3465; baseline -0.007 -12"><span class='ocrx_word' id='word_1_240' title='bbox 424 3392 491 3454; x_wconf 90' lang='lat' dir='ltr'>et</span> <span class='ocrx_word' id='word_1_241' title='bbox 513 3375 806 3465; x_wconf 84' lang='lat' dir='ltr'>scrupuli.</span> <span class='ocrx_word' id='word_1_242' title='bbox 851 3380 1132 3450; x_wconf 88' lang='lat' dir='ltr'>Primum</span> <span class='ocrx_word' id='word_1_243' title='bbox 1154 3376 1627 3446; x_wconf 82' lang='lat' dir='ltr'>Choeroboscus</span> <span class='ocrx_word' id='word_1_244' title='bbox 1650 3378 1814 3444; x_wconf 89' lang='lat' dir='ltr'>Dict.</span> <span class='ocrx_word' id='word_1_245' title='bbox 1843 3377 2037 3443; x_wconf 85' lang='grc'>123</span> <span class='ocrx_word' id='word_1_246' title='bbox 1989 3415 2046 3449; x_wconf 83' lang='lat' dir='ltr'><strong><em>v</em></strong></span> <span class='ocrx_word' id='word_1_247' title='bbox 2079 3378 2144 3442; x_wconf 91' lang='lat' dir='ltr'>in</span> <span class='ocrx_word' id='word_1_248' title='bbox 2175 3375 2298 3442; x_wconf 90' lang='lat' dir='ltr'>fine</span> <span class='ocrx_word' id='word_1_249' title='bbox 2331 3380 2668 3445; x_wconf 85' lang='lat' dir='ltr'>vocabulo-</span> 
     </span>
    </p>
   </div>
   <div class='ocr_carea' id='block_1_10' title="bbox 424 3475 2798 3567">
    <p class='ocr_par' dir='ltr' id='par_1_11' title="bbox 424 3475 2798 3567">
     <span class='ocr_line' id='line_1_30' title="bbox 424 3475 2798 3567; baseline -0.002 -12"><span class='ocrx_word' id='word_1_250' title='bbox 424 3507 568 3555; x_wconf 91' lang='lat' dir='ltr'>rum</span> <span class='ocrx_word' id='word_1_251' title='bbox 597 3486 940 3553; x_wconf 81' lang='lat' dir='ltr'>consistere</span> <span class='ocrx_word' id='word_1_252' title='bbox 970 3499 1156 3564; x_wconf 78' lang='lat' dir='ltr'>posse</span> <span class='ocrx_word' id='word_1_253' title='bbox 1177 3485 1396 3562; x_wconf 75' lang='lat' dir='ltr'>negat.</span> <span class='ocrx_word' id='word_1_254' title='bbox 1434 3479 1517 3546; x_wconf 82' lang='grc' dir='ltr'>τὰ</span> <span class='ocrx_word' id='word_1_255' title='bbox 1558 3478 1652 3560; x_wconf 82' lang='grc' dir='ltr'>εἷς</span> <span class='ocrx_word' id='word_1_256' title='bbox 1683 3482 1752 3559; x_wconf 63' lang='grc' dir='ltr'>ἴς</span> <span class='ocrx_word' id='word_1_257' title='bbox 1783 3475 2268 3567; x_wconf 75' lang='grc' dir='ltr'>ὖποκοριστικοῖ</span> <span class='ocrx_word' id='word_1_258' title='bbox 2300 3475 2369 3546; x_wconf 65' lang='grc' dir='ltr'>σι’·</span> <span class='ocrx_word' id='word_1_259' title='bbox 2377 3508 2414 3545; x_wconf 89' lang='grc' dir='ltr'><em>κ</em></span> <span class='ocrx_word' id='word_1_260' title='bbox 2443 3480 2669 3563; x_wconf 79' lang='grc' dir='ltr'>ἔχουσι</span> <span class='ocrx_word' id='word_1_261' title='bbox 2787 3541 2798 3550; x_wconf 95' lang='grc'><em>.</em></span> 
     </span>
    </p>
   </div>
   <div class='ocr_carea' id='block_1_11' title="bbox 424 3578 2670 4104">
    <p class='ocr_par' dir='ltr' id='par_1_12' title="bbox 424 3578 2670 4082">
     <span class='ocr_line' id='line_1_31' title="bbox 424 3578 2667 3712; baseline -0.002 -57"><span class='ocrx_word' id='word_1_262' title='bbox 424 3589 540 3712; x_wconf 44' lang='lat' dir='ltr'>‘cb-v</span> <span class='ocrx_word' id='word_1_263' title='bbox 566 3586 832 3676; x_wconf 76' lang='grc' dir='ltr'>δοτικὴν</span> <span class='ocrx_word' id='word_1_264' title='bbox 857 3582 993 3663; x_wconf 73' lang='grc' dir='ltr'>εἶςι</span> <span class='ocrx_word' id='word_1_265' title='bbox 1038 3578 1499 3671; x_wconf 83' lang='grc' dir='ltr'>ανεκφώνητον</span> <span class='ocrx_word' id='word_1_266' title='bbox 1523 3581 1875 3669; x_wconf 79' lang='grc' dir='ltr'><em>λήγουσαν,</em></span> <span class='ocrx_word' id='word_1_267' title='bbox 1899 3587 1991 3670; x_wconf 77' lang='grc' dir='ltr'>τῷ</span> <span class='ocrx_word' id='word_1_268' title='bbox 2016 3586 2244 3657; x_wconf 85' lang='grc' dir='ltr'>Διονῦ,</span> <span class='ocrx_word' id='word_1_269' title='bbox 2272 3587 2366 3671; x_wconf 74' lang='grc' dir='ltr'>τῷ</span> <span class='ocrx_word' id='word_1_270' title='bbox 2388 3587 2667 3668; x_wconf 79' lang='grc' dir='ltr'>Καμμι,</span> 
     </span>
     <span class='ocr_line' id='line_1_32' title="bbox 424 3679 2670 3777; baseline -0.002 -21"><span class='ocrx_word' id='word_1_271' title='bbox 424 3717 515 3777; x_wconf 77' lang='grc' dir='ltr'>τῳ</span> <span class='ocrx_word' id='word_1_272' title='bbox 487 3692 815 3776; x_wconf 64' lang='lat' dir='ltr'>‘&#39;Aapdfae·</span> <span class='ocrx_word' id='word_1_273' title='bbox 862 3682 1176 3754; x_wconf 73' lang='grc' dir='ltr'>οὐδέποτε</span> <span class='ocrx_word' id='word_1_274' title='bbox 1219 3683 1343 3772; x_wconf 78' lang='grc' dir='ltr'>γὰρ</span> <span class='ocrx_word' id='word_1_275' title='bbox 1391 3679 1508 3770; x_wconf 76' lang='grc' dir='ltr'>ἡυ</span> <span class='ocrx_word' id='word_1_276' title='bbox 1482 3685 1526 3693; x_wconf 70' lang='grc'><em>“</em></span> <span class='ocrx_word' id='word_1_277' title='bbox 1511 3684 1643 3753; x_wconf 77' lang='grc' dir='ltr'>ἐν</span> <span class='ocrx_word' id='word_1_278' title='bbox 1676 3685 1852 3753; x_wconf 83' lang='grc' dir='ltr'>τέλει</span> <span class='ocrx_word' id='word_1_279' title='bbox 1876 3685 2113 3765; x_wconf 78' lang='grc' dir='ltr'><em>λέξεως</em></span> <span class='ocrx_word' id='word_1_280' title='bbox 2145 3680 2554 3774; x_wconf 71' lang='grc' dir='ltr'>εὑρίσκεται·</span> <span class='ocrx_word' id='word_1_281' title='bbox 2600 3685 2670 3752; x_wconf 77' lang='grc' dir='ltr'>ἐν</span> 
     </span>
     <span class='ocr_line' id='line_1_33' title="bbox 426 3783 2669 3881; baseline -0.003 -22"><span class='ocrx_word' id='word_1_282' title='bbox 426 3792 552 3881; x_wconf 77' lang='grc' dir='ltr'>γὰρ</span> <span class='ocrx_word' id='word_1_283' title='bbox 596 3794 691 3879; x_wconf 77' lang='grc' dir='ltr'>τῷ</span> <span class='ocrx_word' id='word_1_284' title='bbox 735 3790 955 3857; x_wconf 79' lang='grc' dir='ltr'>νέκυι</span> <span class='ocrx_word' id='word_1_285' title='bbox 999 3788 1640 3856; x_wconf 60' lang='grc' dir='ltr'>κατατεθνηῶτι</span> <span class='ocrx_word' id='word_1_286' title='bbox 1698 3786 1997 3870; x_wconf 87' lang='lat' dir='ltr'>(11.le</span> <span class='ocrx_word' id='word_1_287' title='bbox 2041 3786 2167 3853; x_wconf 86' lang='lat'>526</span> <span class='ocrx_word' id='word_1_288' title='bbox 2222 3791 2289 3854; x_wconf 81' lang='lat' dir='ltr'>et</span> <span class='ocrx_word' id='word_1_289' title='bbox 2333 3783 2487 3870; x_wconf 83' lang='lat'>565)</span> <span class='ocrx_word' id='word_1_290' title='bbox 2546 3783 2669 3855; x_wconf 75' lang='grc' dir='ltr'>οὐκ</span> 
     </span>
     <span class='ocr_line' id='line_1_34' title="bbox 425 3876 2667 3978; baseline -0.002 -18"><span class='ocrx_word' id='word_1_291' title='bbox 425 3894 599 3960; x_wconf 64' lang='grc' dir='ltr'>ἔστιν</span> <span class='ocrx_word' id='word_1_292' title='bbox 664 3891 731 3958; x_wconf 76' lang='grc' dir='ltr'>ἐν</span> <span class='ocrx_word' id='word_1_293' title='bbox 775 3887 1131 3978; x_wconf 72' lang='grc' dir='ltr'>διφθόγγῳ</span> <span class='ocrx_word' id='word_1_294' title='bbox 1196 3888 1378 3955; x_wconf 46' lang='grc' dir='ltr'>τὸ*</span> <span class='ocrx_word' id='word_1_295' title='bbox 1316 3925 1351 3959; x_wconf 83' lang='grc' dir='ltr'>υ</span> <span class='ocrx_word' id='word_1_296' title='bbox 1399 3887 1514 3955; x_wconf 83' lang='grc' dir='ltr'>καὶ</span> <span class='ocrx_word' id='word_1_297' title='bbox 1556 3887 1633 3954; x_wconf 83' lang='grc' dir='ltr'>τὸ</span> <span class='ocrx_word' id='word_1_298' title='bbox 1682 3926 1718 3973; x_wconf 88' lang='grc' dir='ltr'>ι,</span> <span class='ocrx_word' id='word_1_299' title='bbox 1659 3884 1929 3955; x_wconf 55' lang='grc' dir='ltr'><strong><em>’ἀλλὰ</em></strong></span> <span class='ocrx_word' id='word_1_300' title='bbox 1976 3888 2043 3956; x_wconf 79' lang='grc' dir='ltr'>ἐν</span> <span class='ocrx_word' id='word_1_301' title='bbox 2096 3914 2188 3976; x_wconf 79' lang='grc' dir='ltr'>τῳ</span> <span class='ocrx_word' id='word_1_302' title='bbox 2231 3890 2452 3974; x_wconf 80' lang='grc' dir='ltr'>μέτρῳ</span> <span class='ocrx_word' id='word_1_303' title='bbox 2498 3876 2667 3955; x_wconf 79' lang='grc' dir='ltr'>κατὰ</span> 
     </span>
     <span class='ocr_line' id='line_1_35' title="bbox 426 3984 2666 4104; baseline -0.003 -40"><span class='ocrx_word' id='word_1_304' title='bbox 426 3994 758 4082; x_wconf 82' lang='grc' dir='ltr'>συνίζησιν</span> <span class='ocrx_word' id='word_1_305' title='bbox 799 3996 1192 4078; x_wconf 73' lang='grc' dir='ltr'>μετροῦνται</span> <span class='ocrx_word' id='word_1_306' title='bbox 1249 3984 1345 4067; x_wconf 75' lang='grc' dir='ltr'>εἷς</span> <span class='ocrx_word' id='word_1_307' title='bbox 1400 3987 1566 4073; x_wconf 85' lang='grc' dir='ltr'>μίαν</span> <span class='ocrx_word' id='word_1_308' title='bbox 1608 3988 1958 4077; x_wconf 81' lang='grc' dir='ltr'>συλλαβήν.</span> <span class='ocrx_word' id='word_1_309' title='bbox 2047 3991 2213 4056; x_wconf 88' lang='lat' dir='ltr'>Illud</span> <span class='ocrx_word' id='word_1_310' title='bbox 2191 3990 2666 4104; x_wconf 70' lang='lat' dir='ltr'>—hypocoristi-</span> 
     </span>
    </p>
   </div>
   <div class='ocr_carea' id='block_1_12' title="bbox 324 4091 2756 4178">
    <p class='ocr_par' dir='ltr' id='par_1_13' title="bbox 324 4091 2756 4178">
     <span class='ocr_line' id='line_1_36' title="bbox 324 4091 2756 4178; baseline -0.004 -14"><span class='ocrx_word' id='word_1_311' title='bbox 324 4121 332 4127; x_wconf 61' lang='grc'><strong>’</strong></span> <span class='ocrx_word' id='word_1_312' title='bbox 427 4116 572 4165; x_wconf 91' lang='lat' dir='ltr'>cum</span> <span class='ocrx_word' id='word_1_313' title='bbox 614 4114 832 4178; x_wconf 89' lang='lat' dir='ltr'>genus,</span> <span class='ocrx_word' id='word_1_314' title='bbox 879 4096 1046 4177; x_wconf 87' lang='lat' dir='ltr'>quod</span> <span class='ocrx_word' id='word_1_315' title='bbox 1088 4095 1155 4159; x_wconf 92' lang='lat' dir='ltr'>in</span> <span class='ocrx_word' id='word_1_316' title='bbox 1197 4092 1463 4158; x_wconf 82' lang='lat' dir='ltr'>Dissert.</span> <span class='ocrx_word' id='word_1_317' title='bbox 1511 4091 1587 4155; x_wconf 81' lang='lat' dir='ltr'>de</span> <span class='ocrx_word' id='word_1_318' title='bbox 1631 4092 2038 4157; x_wconf 47' lang='lat' dir='ltr'>substantive&amp;</span> <span class='ocrx_word' id='word_1_319' title='bbox 2080 4093 2148 4156; x_wconf 77' lang='lat' dir='ltr'>in</span> <span class='ocrx_word' id='word_1_320' title='bbox 2191 4095 2257 4170; x_wconf 69' lang='grc' dir='ltr'>ἴς</span> <span class='ocrx_word' id='word_1_321' title='bbox 2299 4093 2669 4156; x_wconf 60' lang='lat' dir='ltr'>meantibus</span> <span class='ocrx_word' id='word_1_322' title='bbox 2749 4133 2756 4140; x_wconf 84' lang='lat'>-</span> 
     </span>
    </p>
   </div>
   <div class='ocr_carea' id='block_1_13' title="bbox 424 4193 2668 4379">
    <p class='ocr_par' dir='ltr' id='par_1_14' title="bbox 424 4193 2668 4379">
     <span class='ocr_line' id='line_1_37' title="bbox 424 4193 2668 4276; baseline -0.004 -9"><span class='ocrx_word' id='word_1_323' title='bbox 424 4199 738 4267; x_wconf 88' lang='lat' dir='ltr'>illustravi</span> <span class='ocrx_word' id='word_1_324' title='bbox 779 4198 848 4263; x_wconf 92' lang='lat' dir='ltr'>in</span> <span class='ocrx_word' id='word_1_325' title='bbox 889 4195 1076 4263; x_wconf 88' lang='lat' dir='ltr'>Wolf.</span> <span class='ocrx_word' id='word_1_326' title='bbox 1120 4195 1324 4261; x_wconf 86' lang='lat' dir='ltr'>Anall.</span> <span class='ocrx_word' id='word_1_327' title='bbox 1368 4194 1467 4260; x_wconf 93' lang='lat'>111</span> <span class='ocrx_word' id='word_1_328' title='bbox 1511 4193 1626 4274; x_wconf 84' lang='lat'>52,</span> <span class='ocrx_word' id='word_1_329' title='bbox 1691 4199 2098 4276; x_wconf 90' lang='lat' dir='ltr'>monoptoton</span> <span class='ocrx_word' id='word_1_330' title='bbox 2142 4200 2242 4260; x_wconf 90' lang='lat' dir='ltr'>est</span> <span class='ocrx_word' id='word_1_331' title='bbox 2313 4199 2380 4259; x_wconf 90' lang='lat' dir='ltr'>et</span> <span class='ocrx_word' id='word_1_332' title='bbox 2421 4194 2504 4260; x_wconf 87' lang='lat' dir='ltr'>ab</span> <span class='ocrx_word' id='word_1_333' title='bbox 2546 4194 2668 4260; x_wconf 93' lang='lat' dir='ltr'>hoc</span> 
     </span>
     <span class='ocr_line' id='line_1_38' title="bbox 426 4297 2666 4379; baseline -0.003 -12"><span class='ocrx_word' id='word_1_334' title='bbox 426 4305 707 4367; x_wconf 87' lang='lat' dir='ltr'>tractatu</span> <span class='ocrx_word' id='word_1_335' title='bbox 751 4300 1043 4365; x_wconf 89' lang='lat' dir='ltr'>alienum.</span> <span class='ocrx_word' id='word_1_336' title='bbox 1131 4304 1202 4364; x_wconf 91' lang='lat' dir='ltr'><em>N</em></span> <span class='ocrx_word' id='word_1_337' title='bbox 1201 4299 1340 4366; x_wconf 81' lang='grc' dir='ltr'>ἐκυι</span> <span class='ocrx_word' id='word_1_338' title='bbox 1406 4302 1476 4363; x_wconf 91' lang='lat' dir='ltr'>et</span> <span class='ocrx_word' id='word_1_339' title='bbox 1537 4298 1811 4379; x_wconf 89' lang='lat' dir='ltr'>quinque</span> <span class='ocrx_word' id='word_1_340' title='bbox 1877 4314 2202 4379; x_wconf 89' lang='lat' dir='ltr'>compares</span> <span class='ocrx_word' id='word_1_341' title='bbox 2268 4297 2489 4376; x_wconf 85' lang='lat' dir='ltr'>dativi,</span> <span class='ocrx_word' id='word_1_342' title='bbox 2558 4297 2666 4378; x_wconf 90' lang='lat' dir='ltr'>qui</span> 
     </span>
    </p>
   </div>
  </div>
 </body>
</html>
