<?xml version="1.0" encoding="UTF-8"?>
<!DOCTYPE html PUBLIC "-//W3C//DTD XHTML 1.0 Transitional//EN"
    "http://www.w3.org/TR/xhtml1/DTD/xhtml1-transitional.dtd">
<html xmlns="http://www.w3.org/1999/xhtml" xml:lang="en" lang="en">
 <head>
  <title>
</title>
<meta http-equiv="Content-Type" content="text/html;charset=utf-8" />
  <meta name='ocr-system' content='tesseract 3.04.00' />
  <meta name='ocr-capabilities' content='ocr_page ocr_carea ocr_par ocr_line ocrx_word'/>
</head>
<body>
  <div class='ocr_page' id='page_1' title='image "./pathologiaegrae02lobegoog_0088.png"; bbox 0 0 2946 4928; ppageno 0'>
   <div class='ocr_carea' id='block_1_1' title="bbox 340 304 1829 404">
    <p class='ocr_par' dir='ltr' id='par_1_1' title="bbox 340 304 1829 404">
     <span class='ocr_line' id='line_1_1' title="bbox 340 304 1829 404; baseline 0 -32"><span class='ocrx_word' id='word_1_1' title='bbox 340 306 424 373; x_wconf 83' lang='lat'><strong>72</strong></span> <span class='ocrx_word' id='word_1_2' title='bbox 1098 304 1655 404; x_wconf 71' lang='lat' dir='ltr'><strong>DlssnRTATIo</strong></span> <span class='ocrx_word' id='word_1_3' title='bbox 1721 306 1829 373; x_wconf 81' lang='lat' dir='ltr'><strong>vl.</strong></span> 
     </span>
    </p>
   </div>
   <div class='ocr_carea' id='block_1_2' title="bbox 253 465 2678 3968">
    <p class='ocr_par' dir='ltr' id='par_1_2' title="bbox 253 465 2678 3447">
     <span class='ocr_line' id='line_1_2' title="bbox 337 465 2587 554; baseline 0.002 -19"><span class='ocrx_word' id='word_1_4' title='bbox 337 476 622 554; x_wconf 80' lang='grc' dir='ltr'><em>μενοι“</em></span> <span class='ocrx_word' id='word_1_5' title='bbox 659 465 806 537; x_wconf 77' lang='grc' dir='ltr'><em>ἀντὶ</em></span> <span class='ocrx_word' id='word_1_6' title='bbox 828 473 949 538; x_wconf 80' lang='grc' dir='ltr'><strong>τοῦ</strong></span> <span class='ocrx_word' id='word_1_7' title='bbox 991 468 1065 545; x_wconf 71' lang='grc' dir='ltr'><strong>ἐκ</strong></span> <span class='ocrx_word' id='word_1_8' title='bbox 1087 473 1218 537; x_wconf 75' lang='grc' dir='ltr'><strong>τῶν</strong></span> <span class='ocrx_word' id='word_1_9' title='bbox 1260 473 1424 538; x_wconf 76' lang='grc' dir='ltr'><strong>νεῶν</strong></span> <span class='ocrx_word' id='word_1_10' title='bbox 1471 466 1969 554; x_wconf 69' lang='grc' dir='ltr'><em>ἀποσοβοῦντες</em></span> <span class='ocrx_word' id='word_1_11' title='bbox 1988 469 2132 538; x_wconf 90' lang='grc' dir='ltr'><strong>ΕΜ.</strong></span> <span class='ocrx_word' id='word_1_12' title='bbox 2161 469 2304 541; x_wconf 88' lang='grc'><strong>598.</strong></span> <span class='ocrx_word' id='word_1_13' title='bbox 2332 472 2435 553; x_wconf 83' lang='grc'><strong>21,</strong></span> <span class='ocrx_word' id='word_1_14' title='bbox 2484 474 2587 539; x_wconf 84' lang='lat' dir='ltr'><strong>cui</strong></span> 
     </span>
     <span class='ocr_line' id='line_1_3' title="bbox 339 571 2585 660; baseline 0.001 -21"><span class='ocrx_word' id='word_1_15' title='bbox 339 574 609 640; x_wconf 83' lang='lat' dir='ltr'>assentit</span> <span class='ocrx_word' id='word_1_16' title='bbox 639 573 1005 656; x_wconf 85' lang='lat' dir='ltr'><strong>Spitznerus</strong></span> <span class='ocrx_word' id='word_1_17' title='bbox 1051 575 1135 640; x_wconf 89' lang='lat' dir='ltr'><strong>ad</strong></span> <span class='ocrx_word' id='word_1_18' title='bbox 1155 571 1316 639; x_wconf 91' lang='lat' dir='ltr'>XIII</span> <span class='ocrx_word' id='word_1_19' title='bbox 1340 574 1494 655; x_wconf 84' lang='lat'>700;</span> <span class='ocrx_word' id='word_1_20' title='bbox 1539 572 1926 640; x_wconf 89' lang='lat' dir='ltr'><strong>Buttmanno</strong></span> <span class='ocrx_word' id='word_1_21' title='bbox 1969 592 2119 640; x_wconf 85' lang='lat' dir='ltr'><strong>vero</strong></span> <span class='ocrx_word' id='word_1_22' title='bbox 2166 576 2221 660; x_wconf 62' lang='grc' dir='ltr'><strong>ἕ.</strong></span> <span class='ocrx_word' id='word_1_23' title='bbox 2245 573 2329 640; x_wconf 82' lang='lat'><strong>56</strong></span> <span class='ocrx_word' id='word_1_24' title='bbox 2372 595 2432 658; x_wconf 89' lang='lat' dir='ltr'><strong>p.</strong></span> <span class='ocrx_word' id='word_1_25' title='bbox 2456 576 2585 642; x_wconf 87' lang='lat'><strong>200</strong></span> 
     </span>
     <span class='ocr_line' id='line_1_4' title="bbox 338 673 2586 765; baseline 0.001 -24"><span class='ocrx_word' id='word_1_26' title='bbox 338 677 550 759; x_wconf 89' lang='lat' dir='ltr'><strong>placet</strong></span> <span class='ocrx_word' id='word_1_27' title='bbox 593 677 900 759; x_wconf 80' lang='lat' dir='ltr'>syllabam</span> <span class='ocrx_word' id='word_1_28' title='bbox 953 678 1038 765; x_wconf 67' lang='grc' dir='ltr'><strong>«ἷῑ</strong></span> <span class='ocrx_word' id='word_1_29' title='bbox 1082 678 1440 760; x_wconf 82' lang='lat' dir='ltr'><strong>primitivae</strong></span> <span class='ocrx_word' id='word_1_30' title='bbox 1485 680 1618 751; x_wconf 71' lang='lat' dir='ltr'><em>voc—v·</em></span> <span class='ocrx_word' id='word_1_31' title='bbox 1653 673 2008 760; x_wconf 84' lang='lat' dir='ltr'><strong>appositam</strong></span> <span class='ocrx_word' id='word_1_32' title='bbox 2075 695 2251 758; x_wconf 88' lang='lat' dir='ltr'><strong>esse;</strong></span> <span class='ocrx_word' id='word_1_33' title='bbox 2318 697 2586 761; x_wconf 87' lang='lat' dir='ltr'><strong>quarum</strong></span> 
     </span>
     <span class='ocr_line' id='line_1_5' title="bbox 339 780 2642 869; baseline 0.001 -24"><span class='ocrx_word' id='word_1_34' title='bbox 339 780 655 845; x_wconf 88' lang='lat' dir='ltr'><strong>rationum</strong></span> <span class='ocrx_word' id='word_1_35' title='bbox 720 784 950 846; x_wconf 84' lang='lat' dir='ltr'><strong>neutra</strong></span> <span class='ocrx_word' id='word_1_36' title='bbox 1013 799 1091 846; x_wconf 85' lang='lat' dir='ltr'><strong>ex</strong></span> <span class='ocrx_word' id='word_1_37' title='bbox 1155 781 1445 864; x_wconf 82' lang='lat' dir='ltr'><strong>analogia</strong></span> <span class='ocrx_word' id='word_1_38' title='bbox 1499 781 1823 848; x_wconf 90' lang='lat' dir='ltr'><strong>aestimari</strong></span> <span class='ocrx_word' id='word_1_39' title='bbox 1863 786 2103 863; x_wconf 83' lang='lat' dir='ltr'><strong>potest3</strong></span> <span class='ocrx_word' id='word_1_40' title='bbox 2169 800 2321 847; x_wconf 89' lang='lat' dir='ltr'><strong>nam</strong></span> <span class='ocrx_word' id='word_1_41' title='bbox 2364 786 2586 869; x_wconf 74' lang='grc' dir='ltr'><em>γραῦς,</em></span> <span class='ocrx_word' id='word_1_42' title='bbox 2637 835 2642 838; x_wconf 75' lang='grc'><strong>.</strong></span> 
     </span>
     <span class='ocr_line' id='line_1_6' title="bbox 339 883 2585 970; baseline 0.002 -23"><span class='ocrx_word' id='word_1_43' title='bbox 339 888 597 965; x_wconf 89' lang='lat' dir='ltr'><strong>praeter</strong></span> <span class='ocrx_word' id='word_1_44' title='bbox 640 883 810 965; x_wconf 83' lang='lat' dir='ltr'><strong>quod</strong></span> <span class='ocrx_word' id='word_1_45' title='bbox 853 883 1098 949; x_wconf 92' lang='lat' dir='ltr'><strong>nullum</strong></span> <span class='ocrx_word' id='word_1_46' title='bbox 1141 884 1344 950; x_wconf 90' lang='lat' dir='ltr'><strong>simile</strong></span> <span class='ocrx_word' id='word_1_47' title='bbox 1389 890 1617 966; x_wconf 85' lang='lat' dir='ltr'><strong>exstat,</strong></span> <span class='ocrx_word' id='word_1_48' title='bbox 1663 904 2020 970; x_wconf 84' lang='lat' dir='ltr'><strong>paragogae</strong></span> <span class='ocrx_word' id='word_1_49' title='bbox 2068 904 2309 967; x_wconf 82' lang='lat' dir='ltr'><strong>expers.</strong></span> <span class='ocrx_word' id='word_1_50' title='bbox 2430 886 2585 969; x_wconf 86' lang='lat' dir='ltr'><strong>Syn-</strong></span> 
     </span>
     <span class='ocr_line' id='line_1_7' title="bbox 321 983 2589 1081; baseline 0.005 -37"><span class='ocrx_word' id='word_1_51' title='bbox 321 986 562 1052; x_wconf 87' lang='lat' dir='ltr'><strong>.theton</strong></span> <span class='ocrx_word' id='word_1_52' title='bbox 604 986 764 1052; x_wconf 90' lang='lat' dir='ltr'><strong>illud</strong></span> <span class='ocrx_word' id='word_1_53' title='bbox 807 986 1117 1068; x_wconf 89' lang='lat' dir='ltr'><strong>quomodo</strong></span> <span class='ocrx_word' id='word_1_54' title='bbox 1161 983 1562 1067; x_wconf 82' lang='lat' dir='ltr'><strong>figurandum</strong></span> <span class='ocrx_word' id='word_1_55' title='bbox 1596 988 1804 1069; x_wconf 85' lang='lat' dir='ltr'><strong>fuerit,</strong></span> <span class='ocrx_word' id='word_1_56' title='bbox 1851 989 2131 1055; x_wconf 84' lang='lat' dir='ltr'><strong>ostendit</strong></span> <span class='ocrx_word' id='word_1_57' title='bbox 2160 984 2589 1081; x_wconf 61' lang='lat' dir='ltr'><strong>tavoeodsepog</strong></span> 
     </span>
     <span class='ocr_line' id='line_1_8' title="bbox 339 1087 2587 1180; baseline 0 -25"><span class='ocrx_word' id='word_1_58' title='bbox 339 1090 900 1177; x_wconf 81' lang='lat' dir='ltr'><strong>Aristophaneum,</strong></span> <span class='ocrx_word' id='word_1_59' title='bbox 968 1089 1084 1153; x_wconf 88' lang='lat' dir='ltr'><strong>sed</strong></span> <span class='ocrx_word' id='word_1_60' title='bbox 1147 1089 1455 1169; x_wconf 87' lang='lat' dir='ltr'><strong>patebant</strong></span> <span class='ocrx_word' id='word_1_61' title='bbox 1521 1092 1684 1157; x_wconf 88' lang='lat' dir='ltr'><strong>aliae</strong></span> <span class='ocrx_word' id='word_1_62' title='bbox 1739 1092 1906 1158; x_wconf 89' lang='lat' dir='ltr'><strong>viae:</strong></span> <span class='ocrx_word' id='word_1_63' title='bbox 1975 1087 2412 1180; x_wconf 76' lang='grc' dir='ltr'><strong><em>ταναιμύκης,</em></strong></span> <span class='ocrx_word' id='word_1_64' title='bbox 2470 1117 2587 1157; x_wconf 84' lang='grc' dir='ltr'><strong>τα-</strong></span> 
     </span>
     <span class='ocr_line' id='line_1_9' title="bbox 339 1188 2585 1281; baseline -0.001 -23"><span class='ocrx_word' id='word_1_65' title='bbox 339 1188 577 1281; x_wconf 74' lang='grc' dir='ltr'><strong><em>ναήκης</em></strong></span> <span class='ocrx_word' id='word_1_66' title='bbox 622 1193 754 1258; x_wconf 87' lang='lat' dir='ltr'><strong>sive</strong></span> <span class='ocrx_word' id='word_1_67' title='bbox 798 1188 1148 1280; x_wconf 78' lang='grc' dir='ltr'><strong><em>ταναηκής,</em></strong></span> <span class='ocrx_word' id='word_1_68' title='bbox 1195 1196 1264 1260; x_wconf 90' lang='lat' dir='ltr'><strong>et</strong></span> <span class='ocrx_word' id='word_1_69' title='bbox 1306 1194 1476 1276; x_wconf 79' lang='lat' dir='ltr'><strong>quod</strong></span> <span class='ocrx_word' id='word_1_70' title='bbox 1520 1212 1663 1260; x_wconf 90' lang='lat' dir='ltr'><strong>cum</strong></span> <span class='ocrx_word' id='word_1_71' title='bbox 1706 1196 1824 1261; x_wconf 90' lang='lat' dir='ltr'><strong>hoc</strong></span> <span class='ocrx_word' id='word_1_72' title='bbox 1869 1214 2061 1277; x_wconf 82' lang='lat' dir='ltr'>saepe</span> <span class='ocrx_word' id='word_1_73' title='bbox 2107 1200 2312 1263; x_wconf 88' lang='lat' dir='ltr'><strong>certat</strong></span> <span class='ocrx_word' id='word_1_74' title='bbox 2354 1191 2585 1279; x_wconf 73' lang='grc' dir='ltr'><strong>τανυή-</strong></span> 
     </span>
     <span class='ocr_line' id='line_1_10' title="bbox 340 1292 2592 1383; baseline 0.002 -24"><span class='ocrx_word' id='word_1_75' title='bbox 340 1319 460 1383; x_wconf 84' lang='grc' dir='ltr'><strong>κης</strong></span> <span class='ocrx_word' id='word_1_76' title='bbox 526 1315 565 1360; x_wconf 91' lang='lat' dir='ltr'><strong>a</strong></span> <span class='ocrx_word' id='word_1_77' title='bbox 626 1294 819 1361; x_wconf 86' lang='lat' dir='ltr'><strong>verbo</strong></span> <span class='ocrx_word' id='word_1_78' title='bbox 887 1296 1145 1361; x_wconf 81' lang='lat' dir='ltr'><strong>ductum</strong></span> <span class='ocrx_word' id='word_1_79' title='bbox 1198 1300 1273 1360; x_wconf 83' lang='lat' dir='ltr'><strong>ut</strong></span> <span class='ocrx_word' id='word_1_80' title='bbox 1331 1292 1773 1376; x_wconf 81' lang='grc' dir='ltr'><em>τανυπεπλος,</em></span> <span class='ocrx_word' id='word_1_81' title='bbox 1820 1294 2316 1383; x_wconf 74' lang='grc' dir='ltr'><em>τανυσίπτερος.</em></span> <span class='ocrx_word' id='word_1_82' title='bbox 2448 1296 2592 1364; x_wconf 84' lang='lat' dir='ltr'><strong>Non</strong></span> 
     </span>
     <span class='ocr_line' id='line_1_11' title="bbox 341 1397 2589 1484; baseline 0.001 -20"><span class='ocrx_word' id='word_1_83' title='bbox 341 1399 545 1484; x_wconf 87' lang='lat' dir='ltr'><strong>minor</strong></span> <span class='ocrx_word' id='word_1_84' title='bbox 608 1397 986 1464; x_wconf 85' lang='lat' dir='ltr'><strong>luxuriantis</strong></span> <span class='ocrx_word' id='word_1_85' title='bbox 1038 1397 1362 1464; x_wconf 87' lang='lat' dir='ltr'><strong>sermonis</strong></span> <span class='ocrx_word' id='word_1_86' title='bbox 1410 1397 1746 1468; x_wconf 90' lang='lat' dir='ltr'><strong>fertilitas</strong></span> <span class='ocrx_word' id='word_1_87' title='bbox 1794 1402 1962 1468; x_wconf 90' lang='lat' dir='ltr'><strong>clare</strong></span> <span class='ocrx_word' id='word_1_88' title='bbox 2030 1402 2239 1468; x_wconf 87' lang='lat' dir='ltr'><strong>elucet</strong></span> <span class='ocrx_word' id='word_1_89' title='bbox 2299 1419 2376 1467; x_wconf 85' lang='lat' dir='ltr'><strong>ex</strong></span> <span class='ocrx_word' id='word_1_90' title='bbox 2419 1418 2589 1467; x_wconf 91' lang='lat' dir='ltr'><strong>com-</strong></span> 
     </span>
     <span class='ocr_line' id='line_1_12' title="bbox 339 1496 2588 1590; baseline 0.001 -23"><span class='ocrx_word' id='word_1_91' title='bbox 339 1501 650 1584; x_wconf 88' lang='lat' dir='ltr'><strong>positione</strong></span> <span class='ocrx_word' id='word_1_92' title='bbox 688 1496 989 1567; x_wconf 82' lang='lat' dir='ltr'><strong>adiectivi</strong></span> <span class='ocrx_word' id='word_1_93' title='bbox 1034 1500 1258 1566; x_wconf 92' lang='lat' dir='ltr'><strong>eodem</strong></span> <span class='ocrx_word' id='word_1_94' title='bbox 1300 1503 1486 1568; x_wconf 92' lang='lat' dir='ltr'><strong>modo</strong></span> <span class='ocrx_word' id='word_1_95' title='bbox 1516 1504 1839 1570; x_wconf 91' lang='lat' dir='ltr'><strong>terminati</strong></span> <span class='ocrx_word' id='word_1_96' title='bbox 1880 1500 2161 1584; x_wconf 85' lang='grc' dir='ltr'><strong>ταλαὸς.</strong></span> <span class='ocrx_word' id='word_1_97' title='bbox 2207 1501 2588 1590; x_wconf 80' lang='grc' dir='ltr'><em>ταλαεργός,</em></span> 
     </span>
     <span class='ocr_line' id='line_1_13' title="bbox 340 1600 2592 1693; baseline 0 -22"><span class='ocrx_word' id='word_1_98' title='bbox 340 1600 795 1693; x_wconf 55' lang='lat' dir='ltr'><strong>valamer-9159,</strong></span> <span class='ocrx_word' id='word_1_99' title='bbox 809 1601 1201 1693; x_wconf 78' lang='grc' dir='ltr'><strong><em>ταλαίφρων</em></strong></span> <span class='ocrx_word' id='word_1_100' title='bbox 1213 1610 1296 1687; x_wconf 87' lang='lat' dir='ltr'><strong>et,</strong></span> <span class='ocrx_word' id='word_1_101' title='bbox 1318 1605 1394 1672; x_wconf 90' lang='lat' dir='ltr'><strong>id</strong></span> <span class='ocrx_word' id='word_1_102' title='bbox 1384 1606 1565 1688; x_wconf 90' lang='lat' dir='ltr'><strong>quod</strong></span> <span class='ocrx_word' id='word_1_103' title='bbox 1587 1607 1671 1672; x_wconf 85' lang='lat' dir='ltr'><strong>ad</strong></span> <span class='ocrx_word' id='word_1_104' title='bbox 1690 1607 1853 1676; x_wconf 86' lang='lat' dir='ltr'><strong>hanc</strong></span> <span class='ocrx_word' id='word_1_105' title='bbox 1867 1608 2592 1691; x_wconf 85' lang='lat' dir='ltr'><strong>quaestionemproxime</strong></span> 
     </span>
     <span class='ocr_line' id='line_1_14' title="bbox 336 1702 2591 1803; baseline 0 -29"><span class='ocrx_word' id='word_1_106' title='bbox 336 1708 633 1803; x_wconf 70' lang='lat' dir='ltr'><strong>pertinet,</strong></span> <span class='ocrx_word' id='word_1_107' title='bbox 659 1702 1050 1794; x_wconf 72' lang='grc' dir='ltr'><em>ταλαύρινος</em></span> <span class='ocrx_word' id='word_1_108' title='bbox 1075 1705 1178 1790; x_wconf 89' lang='lat' dir='ltr'><strong>[cf.</strong></span> <span class='ocrx_word' id='word_1_109' title='bbox 1202 1707 1235 1772; x_wconf 96' lang='lat' dir='ltr'>I</span> <span class='ocrx_word' id='word_1_110' title='bbox 1250 1706 1394 1788; x_wconf 89' lang='lat'>305,</span> <span class='ocrx_word' id='word_1_111' title='bbox 1409 1707 1552 1790; x_wconf 84' lang='grc'>314,</span> <span class='ocrx_word' id='word_1_112' title='bbox 1568 1707 1740 1796; x_wconf 85' lang='grc'><strong>370].</strong></span> <span class='ocrx_word' id='word_1_113' title='bbox 1795 1711 1872 1777; x_wconf 89' lang='lat' dir='ltr'><strong>Id</strong></span> <span class='ocrx_word' id='word_1_114' title='bbox 1894 1711 2300 1778; x_wconf 72' lang='lat' dir='ltr'><strong>Aristarchus</strong></span> <span class='ocrx_word' id='word_1_115' title='bbox 2325 1712 2591 1793; x_wconf 84' lang='lat' dir='ltr'><strong>simplex</strong></span> 
     </span>
     <span class='ocr_line' id='line_1_15' title="bbox 341 1810 2591 1897; baseline 0 -19"><span class='ocrx_word' id='word_1_116' title='bbox 341 1817 455 1879; x_wconf 90' lang='lat' dir='ltr'><strong>aut</strong></span> <span class='ocrx_word' id='word_1_117' title='bbox 476 1810 778 1893; x_wconf 84' lang='lat' dir='ltr'><strong>simplicis</strong></span> <span class='ocrx_word' id='word_1_118' title='bbox 813 1812 1019 1887; x_wconf 86' lang='lat' dir='ltr'><strong>instar</strong></span> <span class='ocrx_word' id='word_1_119' title='bbox 1042 1828 1185 1877; x_wconf 91' lang='lat' dir='ltr'><strong>esse</strong></span> <span class='ocrx_word' id='word_1_120' title='bbox 1209 1810 1435 1876; x_wconf 79' lang='lat' dir='ltr'><strong>statuit</strong></span> <span class='ocrx_word' id='word_1_121' title='bbox 1465 1810 1920 1894; x_wconf 85' lang='lat' dir='ltr'><strong>significatione</strong></span> <span class='ocrx_word' id='word_1_122' title='bbox 1942 1833 2204 1897; x_wconf 89' lang='lat' dir='ltr'><strong>prorsus</strong></span> <span class='ocrx_word' id='word_1_123' title='bbox 2229 1814 2497 1882; x_wconf 81' lang='lat' dir='ltr'><strong>evanida</strong></span> <span class='ocrx_word' id='word_1_124' title='bbox 2516 1818 2591 1878; x_wconf 85' lang='lat' dir='ltr'><strong>ut</strong></span> 
     </span>
     <span class='ocr_line' id='line_1_16' title="bbox 338 1907 2592 2004; baseline -0 -22"><span class='ocrx_word' id='word_1_125' title='bbox 338 1910 534 2003; x_wconf 73' lang='grc' dir='ltr'><em>μελὶή</em></span> <span class='ocrx_word' id='word_1_126' title='bbox 543 1917 661 2004; x_wconf 84' lang='grc' dir='ltr'><strong>ὁης</strong></span> <span class='ocrx_word' id='word_1_127' title='bbox 727 1919 793 1980; x_wconf 93' lang='lat' dir='ltr'><strong>et</strong></span> <span class='ocrx_word' id='word_1_128' title='bbox 836 1912 964 1979; x_wconf 87' lang='lat' dir='ltr'><strong>alia</strong></span> <span class='ocrx_word' id='word_1_129' title='bbox 1004 1912 1194 1979; x_wconf 87' lang='lat' dir='ltr'><strong>huius</strong></span> <span class='ocrx_word' id='word_1_130' title='bbox 1236 1907 1665 1996; x_wconf 86' lang='lat' dir='ltr'><strong>pleonasticae</strong></span> <span class='ocrx_word' id='word_1_131' title='bbox 1708 1935 2066 2000; x_wconf 85' lang='lat' dir='ltr'><strong>paragogae</strong></span> <span class='ocrx_word' id='word_1_132' title='bbox 2110 1917 2411 2001; x_wconf 86' lang='lat' dir='ltr'><strong>figmenta</strong></span> <span class='ocrx_word' id='word_1_133' title='bbox 2424 1966 2440 1997; x_wconf 91' lang='lat'>,</span> <span class='ocrx_word' id='word_1_134' title='bbox 2508 1915 2592 1982; x_wconf 85' lang='lat' dir='ltr'><strong>ad</strong></span> 
     </span>
     <span class='ocr_line' id='line_1_17' title="bbox 339 2011 2593 2105; baseline -0.001 -20"><span class='ocrx_word' id='word_1_135' title='bbox 339 2017 438 2100; x_wconf 86' lang='lat' dir='ltr'><strong>Aj.</strong></span> <span class='ocrx_word' id='word_1_136' title='bbox 485 2016 607 2084; x_wconf 88' lang='lat'><strong>931</strong></span> <span class='ocrx_word' id='word_1_137' title='bbox 657 2016 975 2100; x_wconf 78' lang='lat' dir='ltr'><strong>apposita:</strong></span> <span class='ocrx_word' id='word_1_138' title='bbox 1027 2053 1100 2063; x_wconf 94' lang='grc'><strong>-</strong></span> <span class='ocrx_word' id='word_1_139' title='bbox 1158 2011 1449 2105; x_wconf 80' lang='grc' dir='ltr'><em>Τρύφων</em></span> <span class='ocrx_word' id='word_1_140' title='bbox 1518 2018 1592 2086; x_wconf 78' lang='grc' dir='ltr'><strong>δὲ</strong></span> <span class='ocrx_word' id='word_1_141' title='bbox 1644 2015 1966 2087; x_wconf 76' lang='grc' dir='ltr'><strong>σύνθετον</strong></span> <span class='ocrx_word' id='word_1_142' title='bbox 2011 2023 2208 2088; x_wconf 82' lang='grc' dir='ltr'><em>τοῦτο</em></span> <span class='ocrx_word' id='word_1_143' title='bbox 2257 2018 2593 2102; x_wconf 76' lang='grc' dir='ltr'><strong><em>ἐκδέχεται</em></strong></span> 
     </span>
     <span class='ocr_line' id='line_1_18' title="bbox 343 2115 2595 2211; baseline -0.001 -23"><span class='ocrx_word' id='word_1_144' title='bbox 343 2118 526 2211; x_wconf 80' lang='grc' dir='ltr'><em>παρὰ</em></span> <span class='ocrx_word' id='word_1_145' title='bbox 569 2120 646 2186; x_wconf 83' lang='grc' dir='ltr'><strong>τὸ</strong></span> <span class='ocrx_word' id='word_1_146' title='bbox 697 2115 944 2198; x_wconf 79' lang='grc' dir='ltr'><strong><em>ταλαός</em></strong></span> <span class='ocrx_word' id='word_1_147' title='bbox 989 2117 1102 2186; x_wconf 78' lang='grc' dir='ltr'><strong>καὶ</strong></span> <span class='ocrx_word' id='word_1_148' title='bbox 1148 2121 1265 2207; x_wconf 79' lang='grc' dir='ltr'><strong>τὴν</strong></span> <span class='ocrx_word' id='word_1_149' title='bbox 1309 2115 1497 2207; x_wconf 76' lang='grc' dir='ltr'><strong><em>ῥινόν</em></strong></span> <span class='ocrx_word' id='word_1_150' title='bbox 1544 2118 1795 2206; x_wconf 81' lang='grc' dir='ltr'><em>ὁμοίως</em></span> <span class='ocrx_word' id='word_1_151' title='bbox 1838 2127 1932 2211; x_wconf 75' lang='grc' dir='ltr'><strong>τῷ</strong></span> <span class='ocrx_word' id='word_1_152' title='bbox 1977 2119 2361 2202; x_wconf 73' lang='grc' dir='ltr'><em>ταιάὖπους</em></span> <span class='ocrx_word' id='word_1_153' title='bbox 2404 2120 2595 2188; x_wconf 86' lang='lat' dir='ltr'><strong>schol.</strong></span> 
     </span>
     <span class='ocr_line' id='line_1_19' title="bbox 339 2221 2678 2306; baseline -0.001 -14"><span class='ocrx_word' id='word_1_154' title='bbox 339 2225 413 2292; x_wconf 78' lang='lat'><strong>11.</strong></span> <span class='ocrx_word' id='word_1_155' title='bbox 459 2224 520 2290; x_wconf 91' lang='lat' dir='ltr'><strong>V</strong></span> <span class='ocrx_word' id='word_1_156' title='bbox 544 2221 699 2290; x_wconf 69' lang='lat'><strong>289:</strong></span> <span class='ocrx_word' id='word_1_157' title='bbox 778 2222 901 2288; x_wconf 92' lang='lat' dir='ltr'><strong>Hic</strong></span> <span class='ocrx_word' id='word_1_158' title='bbox 945 2221 1001 2289; x_wconf 91' lang='lat' dir='ltr'><strong>si</strong></span> <span class='ocrx_word' id='word_1_159' title='bbox 1043 2221 1172 2287; x_wconf 88' lang='lat' dir='ltr'><strong>tria</strong></span> <span class='ocrx_word' id='word_1_160' title='bbox 1213 2222 1439 2289; x_wconf 89' lang='lat' dir='ltr'><strong>ultima</strong></span> <span class='ocrx_word' id='word_1_161' title='bbox 1484 2224 1679 2291; x_wconf 90' lang='lat' dir='ltr'><strong>verba</strong></span> <span class='ocrx_word' id='word_1_162' title='bbox 1722 2227 2009 2292; x_wconf 90' lang='lat' dir='ltr'><strong>eiusdem</strong></span> <span class='ocrx_word' id='word_1_163' title='bbox 2037 2225 2396 2293; x_wconf 83' lang='lat' dir='ltr'><strong>Aristarchi</strong></span> <span class='ocrx_word' id='word_1_164' title='bbox 2428 2223 2594 2306; x_wconf 79' lang='lat' dir='ltr'><strong>Sunt,</strong></span> <span class='ocrx_word' id='word_1_165' title='bbox 2675 2299 2678 2300; x_wconf 12' lang='lat'><em>⁷</em></span> 
     </span>
     <span class='ocr_line' id='line_1_20' title="bbox 341 2324 2596 2413; baseline -0 -18"><span class='ocrx_word' id='word_1_166' title='bbox 341 2329 750 2413; x_wconf 89' lang='lat' dir='ltr'><strong>perspicuum</strong></span> <span class='ocrx_word' id='word_1_167' title='bbox 795 2330 923 2407; x_wconf 80' lang='lat' dir='ltr'><strong>est,</strong></span> <span class='ocrx_word' id='word_1_168' title='bbox 967 2324 1134 2392; x_wconf 89' lang='lat' dir='ltr'><strong>hunc</strong></span> <span class='ocrx_word' id='word_1_169' title='bbox 1177 2327 1423 2410; x_wconf 83' lang='lat' dir='ltr'><strong>ypsilon</strong></span> <span class='ocrx_word' id='word_1_170' title='bbox 1468 2329 1723 2410; x_wconf 88' lang='lat' dir='ltr'><strong>utrique</strong></span> <span class='ocrx_word' id='word_1_171' title='bbox 1770 2331 2161 2396; x_wconf 85' lang='lat' dir='ltr'><strong>extrinsecus</strong></span> <span class='ocrx_word' id='word_1_172' title='bbox 2206 2329 2596 2395; x_wconf 90' lang='lat' dir='ltr'><strong>insinuatum</strong></span> 
     </span>
     <span class='ocr_line' id='line_1_21' title="bbox 342 2428 2594 2517; baseline -0.001 -18"><span class='ocrx_word' id='word_1_173' title='bbox 342 2436 636 2517; x_wconf 86' lang='lat' dir='ltr'><strong>putasse,</strong></span> <span class='ocrx_word' id='word_1_174' title='bbox 682 2431 750 2496; x_wconf 92' lang='lat' dir='ltr'><strong>id</strong></span> <span class='ocrx_word' id='word_1_175' title='bbox 794 2430 962 2512; x_wconf 88' lang='lat' dir='ltr'><strong>quod</strong></span> <span class='ocrx_word' id='word_1_176' title='bbox 1004 2429 1382 2497; x_wconf 89' lang='lat' dir='ltr'><strong>Eustathius</strong></span> <span class='ocrx_word' id='word_1_177' title='bbox 1427 2428 1574 2498; x_wconf 87' lang='grc'><strong>548.</strong></span> <span class='ocrx_word' id='word_1_178' title='bbox 1621 2431 1705 2498; x_wconf 93' lang='grc'><strong>30</strong></span> <span class='ocrx_word' id='word_1_179' title='bbox 1774 2432 1852 2497; x_wconf 91' lang='lat' dir='ltr'><strong>de</strong></span> <span class='ocrx_word' id='word_1_180' title='bbox 1898 2432 2098 2498; x_wconf 90' lang='lat' dir='ltr'><strong>altero</strong></span> <span class='ocrx_word' id='word_1_181' title='bbox 2164 2433 2417 2499; x_wconf 87' lang='lat' dir='ltr'><strong>illorum</strong></span> <span class='ocrx_word' id='word_1_182' title='bbox 2459 2435 2594 2497; x_wconf 83' lang='lat' dir='ltr'><strong>tra-</strong></span> 
     </span>
     <span class='ocr_line' id='line_1_22' title="bbox 347 2529 2593 2624; baseline -0.001 -22"><span class='ocrx_word' id='word_1_183' title='bbox 347 2537 548 2602; x_wconf 82' lang='lat' dir='ltr'><strong>ditum</strong></span> <span class='ocrx_word' id='word_1_184' title='bbox 592 2529 865 2604; x_wconf 68' lang='lat' dir='ltr'><strong>invenit:</strong></span> <span class='ocrx_word' id='word_1_185' title='bbox 913 2531 1266 2624; x_wconf 77' lang='grc' dir='ltr'><em>ταλάρινος</em></span> <span class='ocrx_word' id='word_1_186' title='bbox 1312 2534 1426 2601; x_wconf 83' lang='grc' dir='ltr'><strong>καὶ</strong></span> <span class='ocrx_word' id='word_1_187' title='bbox 1469 2536 1867 2624; x_wconf 58' lang='lat' dir='ltr'><strong>nzeomopqae</strong></span> <span class='ocrx_word' id='word_1_188' title='bbox 1915 2531 2187 2624; x_wconf 75' lang='grc' dir='ltr'><em>αἶολικῷ</em></span> <span class='ocrx_word' id='word_1_189' title='bbox 2230 2538 2351 2602; x_wconf 79' lang='grc' dir='ltr'><strong>τοῦ</strong></span> <span class='ocrx_word' id='word_1_190' title='bbox 2405 2572 2437 2607; x_wconf 83' lang='grc' dir='ltr'><strong>υ</strong></span> <span class='ocrx_word' id='word_1_191' title='bbox 2477 2560 2593 2600; x_wconf 84' lang='grc' dir='ltr'><strong>τα-</strong></span> 
     </span>
     <span class='ocr_line' id='line_1_23' title="bbox 253 2629 2591 2727; baseline 0 -22"><span class='ocrx_word' id='word_1_192' title='bbox 253 2682 269 2689; x_wconf 89' lang='lat'><strong>·</strong></span> <span class='ocrx_word' id='word_1_193' title='bbox 344 2634 660 2727; x_wconf 79' lang='grc' dir='ltr'><em>λαὺρινσς</em></span> <span class='ocrx_word' id='word_1_194' title='bbox 704 2632 795 2718; x_wconf 80' lang='grc' dir='ltr'><strong>ὥς</strong></span> <span class='ocrx_word' id='word_1_195' title='bbox 840 2630 1124 2726; x_wconf 75' lang='grc' dir='ltr'><strong>ἶίρηκτος</strong></span> <span class='ocrx_word' id='word_1_196' title='bbox 1167 2629 1510 2726; x_wconf 76' lang='grc' dir='ltr'><strong>αύρηκτος.</strong></span> <span class='ocrx_word' id='word_1_197' title='bbox 1620 2639 1759 2705; x_wconf 82' lang='lat' dir='ltr'><strong>Hoc</strong></span> <span class='ocrx_word' id='word_1_198' title='bbox 1822 2658 2070 2705; x_wconf 88' lang='lat' dir='ltr'><strong>merum</strong></span> <span class='ocrx_word' id='word_1_199' title='bbox 2115 2643 2214 2705; x_wconf 81' lang='lat' dir='ltr'><strong>est</strong></span> <span class='ocrx_word' id='word_1_200' title='bbox 2258 2639 2591 2721; x_wconf 78' lang='lat' dir='ltr'><strong>digamma,</strong></span> 
     </span>
     <span class='ocr_line' id='line_1_24' title="bbox 348 2740 2592 2826; baseline -0.001 -16"><span class='ocrx_word' id='word_1_201' title='bbox 348 2743 526 2810; x_wconf 88' lang='lat' dir='ltr'><strong>cuius</strong></span> <span class='ocrx_word' id='word_1_202' title='bbox 569 2743 695 2825; x_wconf 84' lang='lat' dir='ltr'><strong>ille,</strong></span> <span class='ocrx_word' id='word_1_203' title='bbox 741 2746 915 2826; x_wconf 85' lang='lat' dir='ltr'><strong>pute,</strong></span> <span class='ocrx_word' id='word_1_204' title='bbox 958 2742 1063 2808; x_wconf 93' lang='lat' dir='ltr'><strong>hic</strong></span> <span class='ocrx_word' id='word_1_205' title='bbox 1105 2740 1348 2807; x_wconf 87' lang='lat' dir='ltr'><strong>nullam</strong></span> <span class='ocrx_word' id='word_1_206' title='bbox 1390 2741 1775 2808; x_wconf 89' lang='lat' dir='ltr'><strong>mentionem</strong></span> <span class='ocrx_word' id='word_1_207' title='bbox 1818 2741 1986 2823; x_wconf 87' lang='lat' dir='ltr'><strong>fecit,</strong></span> <span class='ocrx_word' id='word_1_208' title='bbox 2031 2744 2398 2825; x_wconf 87' lang='lat' dir='ltr'><strong>pleonasmo</strong></span> <span class='ocrx_word' id='word_1_209' title='bbox 2444 2760 2592 2808; x_wconf 86' lang='lat' dir='ltr'><strong>con-</strong></span> 
     </span>
     <span class='ocr_line' id='line_1_25' title="bbox 343 2844 2591 2930; baseline -0.002 -16"><span class='ocrx_word' id='word_1_210' title='bbox 343 2853 577 2929; x_wconf 88' lang='lat' dir='ltr'><strong>tentus,</strong></span> <span class='ocrx_word' id='word_1_211' title='bbox 644 2857 769 2929; x_wconf 90' lang='lat' dir='ltr'><strong>quo</strong></span> <span class='ocrx_word' id='word_1_212' title='bbox 835 2844 1042 2912; x_wconf 87' lang='lat' dir='ltr'><strong>crasin</strong></span> <span class='ocrx_word' id='word_1_213' title='bbox 1109 2864 1429 2912; x_wconf 88' lang='lat' dir='ltr'><strong>enormem</strong></span> <span class='ocrx_word' id='word_1_214' title='bbox 1498 2844 1734 2930; x_wconf 85' lang='lat' dir='ltr'><strong>effugit.</strong></span> <span class='ocrx_word' id='word_1_215' title='bbox 1784 2882 1856 2893; x_wconf 92' lang='lat'><strong>—-</strong></span> <span class='ocrx_word' id='word_1_216' title='bbox 1906 2845 2050 2911; x_wconf 90' lang='lat' dir='ltr'><strong>Huc</strong></span> <span class='ocrx_word' id='word_1_217' title='bbox 2095 2846 2220 2912; x_wconf 88' lang='lat' dir='ltr'><strong>duo</strong></span> <span class='ocrx_word' id='word_1_218' title='bbox 2266 2844 2591 2925; x_wconf 85' lang='lat' dir='ltr'><strong>accedunt,</strong></span> 
     </span>
     <span class='ocr_line' id='line_1_26' title="bbox 346 2942 2595 3036; baseline -0.001 -20"><span class='ocrx_word' id='word_1_219' title='bbox 346 2969 541 3016; x_wconf 91' lang='lat' dir='ltr'><strong>unum</strong></span> <span class='ocrx_word' id='word_1_220' title='bbox 587 2949 969 3016; x_wconf 77' lang='lat' dir='ltr'><strong>adiectivum</strong></span> <span class='ocrx_word' id='word_1_221' title='bbox 1015 2942 1283 3027; x_wconf 72' lang='grc' dir='ltr'><em>ἀολλέες</em></span> <span class='ocrx_word' id='word_1_222' title='bbox 1326 2949 1436 3018; x_wconf 78' lang='grc' dir='ltr'><strong>καὶ</strong></span> <span class='ocrx_word' id='word_1_223' title='bbox 1483 2949 1653 3016; x_wconf 80' lang='grc' dir='ltr'><strong><em>κατὰ</em></strong></span> <span class='ocrx_word' id='word_1_224' title='bbox 1703 2952 1935 3036; x_wconf 74' lang='grc' dir='ltr'><em>κρᾶσιν</em></span> <span class='ocrx_word' id='word_1_225' title='bbox 1980 2952 2098 3016; x_wconf 79' lang='grc' dir='ltr'><strong>τοῦ</strong></span> <span class='ocrx_word' id='word_1_226' title='bbox 2145 2948 2209 3018; x_wconf 69' lang='grc' dir='ltr'><strong>’ἶ</strong></span> <span class='ocrx_word' id='word_1_227' title='bbox 2257 2947 2371 3015; x_wconf 79' lang='grc' dir='ltr'><strong>καὶ</strong></span> <span class='ocrx_word' id='word_1_228' title='bbox 2416 2951 2451 3021; x_wconf 69' lang='grc' dir='ltr'>ὅ</span> <span class='ocrx_word' id='word_1_229' title='bbox 2496 2944 2595 3026; x_wconf 72' lang='grc' dir='ltr'><strong>εἷς</strong></span> 
     </span>
     <span class='ocr_line' id='line_1_27' title="bbox 348 3044 2592 3141; baseline -0.003 -18"><span class='ocrx_word' id='word_1_230' title='bbox 348 3056 387 3123; x_wconf 74' lang='grc' dir='ltr'>ἆ</span> <span class='ocrx_word' id='word_1_231' title='bbox 418 3051 681 3141; x_wconf 79' lang='grc' dir='ltr'><em>μακρὸν</em></span> <span class='ocrx_word' id='word_1_232' title='bbox 724 3050 837 3120; x_wconf 82' lang='grc' dir='ltr'><strong>καὶ</strong></span> <span class='ocrx_word' id='word_1_233' title='bbox 883 3046 1200 3141; x_wconf 74' lang='grc' dir='ltr'><em>ἀποβολῇ</em></span> <span class='ocrx_word' id='word_1_234' title='bbox 1243 3055 1358 3118; x_wconf 82' lang='grc' dir='ltr'><strong>τοῦ</strong></span> <span class='ocrx_word' id='word_1_235' title='bbox 1403 3049 1550 3130; x_wconf 75' lang='grc' dir='ltr'><strong>ἑνὸς</strong></span> <span class='ocrx_word' id='word_1_236' title='bbox 1591 3053 1642 3122; x_wconf 75' lang='grc' dir='ltr'><strong><em>ἵ</em></strong></span> <span class='ocrx_word' id='word_1_237' title='bbox 1676 3046 1868 3130; x_wconf 81' lang='grc' dir='ltr'><em>ἆλέες</em></span> <span class='ocrx_word' id='word_1_238' title='bbox 1908 3051 2017 3118; x_wconf 83' lang='grc' dir='ltr'><strong>καὶ</strong></span> <span class='ocrx_word' id='word_1_239' title='bbox 2065 3046 2221 3130; x_wconf 79' lang='grc' dir='ltr'><strong>ἆλὲς</strong></span> <span class='ocrx_word' id='word_1_240' title='bbox 2267 3044 2360 3130; x_wconf 79' lang='grc' dir='ltr'><strong>ὥς</strong></span> <span class='ocrx_word' id='word_1_241' title='bbox 2404 3048 2592 3139; x_wconf 80' lang='grc' dir='ltr'><em>παρὰ</em></span> 
     </span>
     <span class='ocr_line' id='line_1_28' title="bbox 351 3148 2596 3242; baseline -0.001 -22"><span class='ocrx_word' id='word_1_242' title='bbox 351 3150 776 3242; x_wconf 77' lang='grc' dir='ltr'><em>Καλλιμάχῳ</em></span> <span class='ocrx_word' id='word_1_243' title='bbox 815 3152 883 3222; x_wconf 73' lang='grc' dir='ltr'><strong>ἐν</strong></span> <span class='ocrx_word' id='word_1_244' title='bbox 917 3148 1361 3239; x_wconf 78' lang='grc' dir='ltr'><em>Χωλιᾶμβοις</em></span> <span class='ocrx_word' id='word_1_245' title='bbox 1405 3153 1572 3237; x_wconf 90' lang='lat' dir='ltr'><strong>(Vp.</strong></span> <span class='ocrx_word' id='word_1_246' title='bbox 1602 3152 1752 3238; x_wconf 87' lang='lat'>156)</span> <span class='ocrx_word' id='word_1_247' title='bbox 1787 3152 2057 3220; x_wconf 85' lang='lat' dir='ltr'><strong>EM.-59.</strong></span> <span class='ocrx_word' id='word_1_248' title='bbox 2080 3154 2164 3219; x_wconf 78' lang='lat'><strong>47</strong></span> <span class='ocrx_word' id='word_1_249' title='bbox 2199 3154 2345 3239; x_wconf 89' lang='lat' dir='ltr'><strong>[Vol</strong></span> <span class='ocrx_word' id='word_1_250' title='bbox 2368 3155 2401 3220; x_wconf 97' lang='lat' dir='ltr'>I</span> <span class='ocrx_word' id='word_1_251' title='bbox 2422 3152 2596 3239; x_wconf 71' lang='lat'>266}</span> 
     </span>
     <span class='ocr_line' id='line_1_29' title="bbox 347 3251 2591 3343; baseline -0.002 -18"><span class='ocrx_word' id='word_1_252' title='bbox 347 3260 557 3343; x_wconf 86' lang='lat' dir='ltr'><strong>Alpha</strong></span> <span class='ocrx_word' id='word_1_253' title='bbox 597 3258 790 3324; x_wconf 87' lang='lat' dir='ltr'><strong>breve</strong></span> <span class='ocrx_word' id='word_1_254' title='bbox 834 3257 1032 3324; x_wconf 90' lang='lat' dir='ltr'><strong>habet</strong></span> <span class='ocrx_word' id='word_1_255' title='bbox 1071 3257 1220 3324; x_wconf 89' lang='lat' dir='ltr'><strong>huic</strong></span> <span class='ocrx_word' id='word_1_256' title='bbox 1264 3255 1453 3323; x_wconf 88' lang='lat' dir='ltr'><strong>affine</strong></span> <span class='ocrx_word' id='word_1_257' title='bbox 1486 3254 1637 3335; x_wconf 75' lang='grc' dir='ltr'><strong><em>ἅλις</em></strong></span> <span class='ocrx_word' id='word_1_258' title='bbox 1683 3255 2031 3341; x_wconf 72' lang='lat' dir='ltr'><strong>confertim,</strong></span> <span class='ocrx_word' id='word_1_259' title='bbox 2075 3258 2332 3340; x_wconf 86' lang='lat' dir='ltr'><strong>longum</strong></span> <span class='ocrx_word' id='word_1_260' title='bbox 2363 3251 2591 3338; x_wconf 83' lang='grc' dir='ltr'><strong><em>ἆλίζω,</em></strong></span> 
     </span>
     <span class='ocr_line' id='line_1_30' title="bbox 350 3355 2177 3447; baseline -0.001 -19"><span class='ocrx_word' id='word_1_261' title='bbox 350 3364 518 3447; x_wconf 89' lang='lat' dir='ltr'><strong>quod</strong></span> <span class='ocrx_word' id='word_1_262' title='bbox 560 3363 667 3428; x_wconf 93' lang='lat' dir='ltr'><strong>ille</strong></span> <span class='ocrx_word' id='word_1_263' title='bbox 715 3360 988 3428; x_wconf 87' lang='lat' dir='ltr'><strong>fortasse</strong></span> <span class='ocrx_word' id='word_1_264' title='bbox 1034 3379 1113 3426; x_wconf 85' lang='lat' dir='ltr'><strong>ex</strong></span> <span class='ocrx_word' id='word_1_265' title='bbox 1136 3355 1428 3443; x_wconf 81' lang='grc' dir='ltr'><em>ἅολλίζω</em></span> <span class='ocrx_word' id='word_1_266' title='bbox 1475 3364 1870 3426; x_wconf 89' lang='lat' dir='ltr'><strong>contractum</strong></span> <span class='ocrx_word' id='word_1_267' title='bbox 1911 3361 2177 3442; x_wconf 85' lang='lat' dir='ltr'><strong>putavit.</strong></span> 
     </span>
    </p>

    <p class='ocr_par' dir='ltr' id='par_1_3' title="bbox 346 3462 2640 3968">
     <span class='ocr_line' id='line_1_31' title="bbox 521 3462 2600 3546; baseline -0.001 -15"><span class='ocrx_word' id='word_1_268' title='bbox 521 3466 674 3531; x_wconf 92' lang='lat' dir='ltr'><strong>Plus</strong></span> <span class='ocrx_word' id='word_1_269' title='bbox 719 3465 1056 3532; x_wconf 88' lang='lat' dir='ltr'><strong>turbarum</strong></span> <span class='ocrx_word' id='word_1_270' title='bbox 1077 3464 1420 3540; x_wconf 87' lang='lat' dir='ltr'><strong>concitavit</strong></span> <span class='ocrx_word' id='word_1_271' title='bbox 1461 3483 1583 3529; x_wconf 85' lang='lat' dir='ltr'><strong>vox·</strong></span> <span class='ocrx_word' id='word_1_272' title='bbox 1625 3463 2011 3546; x_wconf 85' lang='lat' dir='ltr'><strong>rubiginosa,</strong></span> <span class='ocrx_word' id='word_1_273' title='bbox 2033 3464 2242 3530; x_wconf 87' lang='lat' dir='ltr'><strong>cuius</strong></span> <span class='ocrx_word' id='word_1_274' title='bbox 2261 3462 2386 3529; x_wconf 91' lang='lat' dir='ltr'><strong>duo</strong></span> <span class='ocrx_word' id='word_1_275' title='bbox 2414 3480 2600 3530; x_wconf 87' lang='lat' dir='ltr'><strong>casus</strong></span> 
     </span>
     <span class='ocr_line' id='line_1_32' title="bbox 354 3562 2599 3661; baseline -0.001 -25"><span class='ocrx_word' id='word_1_276' title='bbox 354 3571 422 3636; x_wconf 90' lang='lat' dir='ltr'><strong>in</strong></span> <span class='ocrx_word' id='word_1_277' title='bbox 464 3569 665 3635; x_wconf 84' lang='lat' dir='ltr'><strong>Iliade</strong></span> <span class='ocrx_word' id='word_1_278' title='bbox 708 3568 1038 3661; x_wconf 78' lang='lat' dir='ltr'><strong>leguntur:</strong></span> <span class='ocrx_word' id='word_1_279' title='bbox 1087 3563 1312 3652; x_wconf 79' lang='grc' dir='ltr'><em>ὀάρων</em></span> <span class='ocrx_word' id='word_1_280' title='bbox 1360 3564 1548 3634; x_wconf 72' lang='grc' dir='ltr'><em>ἕνεκα</em></span> <span class='ocrx_word' id='word_1_281' title='bbox 1613 3563 2000 3654; x_wconf 79' lang='grc' dir='ltr'><strong><em>σφετεράων</em></strong></span> <span class='ocrx_word' id='word_1_282' title='bbox 2066 3572 2132 3632; x_wconf 82' lang='lat' dir='ltr'><strong>et</strong></span> <span class='ocrx_word' id='word_1_283' title='bbox 2197 3562 2599 3651; x_wconf 70' lang='grc' dir='ltr'><em>ἀμυνέμεναι</em></span> 
     </span>
     <span class='ocr_line' id='line_1_33' title="bbox 350 3669 2598 3757; baseline -0.001 -19"><span class='ocrx_word' id='word_1_284' title='bbox 350 3695 610 3757; x_wconf 80' lang='grc' dir='ltr'><em>ωρεσσι,</em></span> <span class='ocrx_word' id='word_1_285' title='bbox 647 3671 979 3755; x_wconf 88' lang='lat' dir='ltr'><strong>utriusque</strong></span> <span class='ocrx_word' id='word_1_286' title='bbox 1007 3675 1222 3738; x_wconf 88' lang='lat' dir='ltr'><strong>autem</strong></span> <span class='ocrx_word' id='word_1_287' title='bbox 1243 3675 1311 3739; x_wconf 92' lang='lat' dir='ltr'><strong>et</strong></span> <span class='ocrx_word' id='word_1_288' title='bbox 1328 3670 1636 3736; x_wconf 85' lang='lat' dir='ltr'><strong>derivatio</strong></span> <span class='ocrx_word' id='word_1_289' title='bbox 1660 3669 2050 3752; x_wconf 85' lang='lat' dir='ltr'><strong>disceptatur</strong></span> <span class='ocrx_word' id='word_1_290' title='bbox 2072 3673 2139 3736; x_wconf 86' lang='lat' dir='ltr'><strong>et</strong></span> <span class='ocrx_word' id='word_1_291' title='bbox 2162 3669 2500 3739; x_wconf 88' lang='lat' dir='ltr'><strong>declinatio</strong></span> <span class='ocrx_word' id='word_1_292' title='bbox 2523 3673 2598 3737; x_wconf 92' lang='lat' dir='ltr'><strong>et</strong></span> 
     </span>
     <span class='ocr_line' id='line_1_34' title="bbox 349 3772 2640 3859; baseline -0.001 -18"><span class='ocrx_word' id='word_1_293' title='bbox 349 3775 664 3857; x_wconf 87' lang='lat' dir='ltr'><strong>scriptura</strong></span> <span class='ocrx_word' id='word_1_294' title='bbox 706 3793 971 3859; x_wconf 88' lang='lat' dir='ltr'><strong>quoque.</strong></span> <span class='ocrx_word' id='word_1_295' title='bbox 1061 3773 1427 3841; x_wconf 85' lang='lat' dir='ltr'><strong>Genitivum</strong></span> <span class='ocrx_word' id='word_1_296' title='bbox 1472 3774 1663 3843; x_wconf 89' lang='lat' dir='ltr'><strong>schol.</strong></span> <span class='ocrx_word' id='word_1_297' title='bbox 1693 3773 1866 3856; x_wconf 90' lang='lat' dir='ltr'><strong>Lips.</strong></span> <span class='ocrx_word' id='word_1_298' title='bbox 1889 3773 1949 3838; x_wconf 90' lang='lat' dir='ltr'><strong>V</strong></span> <span class='ocrx_word' id='word_1_299' title='bbox 1970 3772 2097 3841; x_wconf 89' lang='grc'><strong>486</strong></span> <span class='ocrx_word' id='word_1_300' title='bbox 2131 3773 2596 3840; x_wconf 87' lang='lat' dir='ltr'><strong>inconsiderate</strong></span> <span class='ocrx_word' id='word_1_301' title='bbox 2631 3792 2640 3797; x_wconf 70' lang='grc'><em>“</em></span> 
     </span>
     <span class='ocr_line' id='line_1_35' title="bbox 346 3875 2596 3968; baseline -0 -25"><span class='ocrx_word' id='word_1_302' title='bbox 346 3876 547 3944; x_wconf 87' lang='lat' dir='ltr'><strong>refert</strong></span> <span class='ocrx_word' id='word_1_303' title='bbox 611 3879 693 3944; x_wconf 90' lang='lat' dir='ltr'><strong>ad</strong></span> <span class='ocrx_word' id='word_1_304' title='bbox 756 3877 1022 3944; x_wconf 88' lang='lat' dir='ltr'><strong>verbum</strong></span> <span class='ocrx_word' id='word_1_305' title='bbox 1037 3875 1312 3968; x_wconf 77' lang='grc' dir='ltr'><em>ἀείρειν</em></span> <span class='ocrx_word' id='word_1_306' title='bbox 1327 3927 1347 3961; x_wconf 91' lang='grc'><em>,</em></span> <span class='ocrx_word' id='word_1_307' title='bbox 1413 3895 1539 3943; x_wconf 85' lang='grc'>11011</span> <span class='ocrx_word' id='word_1_308' title='bbox 1605 3877 1870 3958; x_wconf 86' lang='lat' dir='ltr'><strong>simplex</strong></span> <span class='ocrx_word' id='word_1_309' title='bbox 1913 3876 2098 3956; x_wconf 87' lang='lat' dir='ltr'><strong>illud,</strong></span> <span class='ocrx_word' id='word_1_310' title='bbox 2166 3878 2334 3958; x_wconf 91' lang='lat' dir='ltr'><strong>quod</strong></span> <span class='ocrx_word' id='word_1_311' title='bbox 2379 3895 2596 3943; x_wconf 90' lang='lat' dir='ltr'><strong>omnes</strong></span> 
     </span>
    </p>
   </div>
   <div class='ocr_carea' id='block_1_3' title="bbox 227 3974 2593 4068">
    <p class='ocr_par' dir='ltr' id='par_1_4' title="bbox 227 3974 2593 4068">
     <span class='ocr_line' id='line_1_36' title="bbox 227 3974 2593 4068; baseline -0.001 -23"><span class='ocrx_word' id='word_1_312' title='bbox 227 4016 237 4035; x_wconf 64' lang='grc' dir='ltr'>ι</span> <span class='ocrx_word' id='word_1_313' title='bbox 348 3983 598 4060; x_wconf 81' lang='lat' dir='ltr'><strong>norunt,</strong></span> <span class='ocrx_word' id='word_1_314' title='bbox 644 3982 757 4046; x_wconf 85' lang='lat' dir='ltr'><strong>sed</strong></span> <span class='ocrx_word' id='word_1_315' title='bbox 791 3982 1230 4066; x_wconf 77' lang='lat' dir='ltr'><strong>compositum:</strong></span> <span class='ocrx_word' id='word_1_316' title='bbox 1278 3980 1418 4048; x_wconf 78' lang='grc' dir='ltr'><strong><em>ἔστι</em></strong></span> <span class='ocrx_word' id='word_1_317' title='bbox 1443 3982 1625 4068; x_wconf 78' lang='grc' dir='ltr'><strong><em>ῥῆμα</em></strong></span> <span class='ocrx_word' id='word_1_318' title='bbox 1674 3974 1987 4066; x_wconf 76' lang='grc' dir='ltr'><em>ἀείρειν</em></span> <span class='ocrx_word' id='word_1_319' title='bbox 2033 3977 2105 4043; x_wconf 78' lang='grc' dir='ltr'><strong>τὸ</strong></span> <span class='ocrx_word' id='word_1_320' title='bbox 2154 3974 2324 4061; x_wconf 81' lang='grc' dir='ltr'><em>ὁμοῦ</em></span> <span class='ocrx_word' id='word_1_321' title='bbox 2370 3975 2593 4068; x_wconf 74' lang='grc' dir='ltr'><em>είρειν,</em></span> 
     </span>
    </p>
   </div>
   <div class='ocr_carea' id='block_1_4' title="bbox 264 4079 2644 4377">
    <p class='ocr_par' dir='ltr' id='par_1_5' title="bbox 264 4079 2644 4377">
     <span class='ocr_line' id='line_1_37' title="bbox 351 4079 2594 4181; baseline -0.001 -31"><span class='ocrx_word' id='word_1_322' title='bbox 351 4080 517 4151; x_wconf 79' lang='grc' dir='ltr'><strong>ὅθεν</strong></span> <span class='ocrx_word' id='word_1_323' title='bbox 564 4078 768 4169; x_wconf 73' lang='grc' dir='ltr'><em>όιομα</em></span> <span class='ocrx_word' id='word_1_324' title='bbox 816 4079 861 4150; x_wconf 88' lang='grc' dir='ltr'><strong>α’</strong></span> <span class='ocrx_word' id='word_1_325' title='bbox 877 4109 911 4149; x_wconf 88' lang='grc' dir='ltr'><em>ο</em></span> <span class='ocrx_word' id='word_1_326' title='bbox 928 4110 966 4174; x_wconf 90' lang='grc' dir='ltr'><em>ρ</em></span> <span class='ocrx_word' id='word_1_327' title='bbox 1013 4088 1160 4167; x_wconf 61' lang='lat' dir='ltr'><strong>etc„</strong></span> <span class='ocrx_word' id='word_1_328' title='bbox 1209 4085 1310 4151; x_wconf 87' lang='lat' dir='ltr'><strong>cui</strong></span> <span class='ocrx_word' id='word_1_329' title='bbox 1356 4083 1826 4181; x_wconf 81' lang='lat' dir='ltr'><strong>adstipulantur</strong></span> <span class='ocrx_word' id='word_1_330' title='bbox 1867 4081 2151 4166; x_wconf 82' lang='lat' dir='ltr'><strong>Heynius</strong></span> <span class='ocrx_word' id='word_1_331' title='bbox 2197 4085 2263 4146; x_wconf 92' lang='lat' dir='ltr'><strong>et</strong></span> <span class='ocrx_word' id='word_1_332' title='bbox 2306 4080 2594 4165; x_wconf 84' lang='lat' dir='ltr'><strong>Spitzne-</strong></span> 
     </span>
     <span class='ocr_line' id='line_1_38' title="bbox 264 4185 2595 4270; baseline -0.001 -18"><span class='ocrx_word' id='word_1_333' title='bbox 264 4234 271 4243; x_wconf 53' lang='lat'><em>2</em></span> <span class='ocrx_word' id='word_1_334' title='bbox 349 4205 459 4253; x_wconf 89' lang='lat' dir='ltr'><strong>rus</strong></span> <span class='ocrx_word' id='word_1_335' title='bbox 506 4188 589 4254; x_wconf 89' lang='lat' dir='ltr'><strong>ad</strong></span> <span class='ocrx_word' id='word_1_336' title='bbox 629 4188 749 4253; x_wconf 88' lang='lat' dir='ltr'><strong>XV</strong></span> <span class='ocrx_word' id='word_1_337' title='bbox 793 4186 936 4253; x_wconf 90' lang='grc'><strong>680.</strong></span> <span class='ocrx_word' id='word_1_338' title='bbox 1052 4189 1140 4254; x_wconf 89' lang='lat' dir='ltr'><strong>At</strong></span> <span class='ocrx_word' id='word_1_339' title='bbox 1182 4208 1331 4255; x_wconf 88' lang='lat' dir='ltr'><strong>vero</strong></span> <span class='ocrx_word' id='word_1_340' title='bbox 1378 4189 1569 4270; x_wconf 89' lang='lat' dir='ltr'><strong>alpha</strong></span> <span class='ocrx_word' id='word_1_341' title='bbox 1624 4187 2078 4268; x_wconf 68' lang='lat' dir='ltr'><strong>copulat-ivm,</strong></span> <span class='ocrx_word' id='word_1_342' title='bbox 2147 4185 2316 4267; x_wconf 90' lang='lat' dir='ltr'><strong>quod</strong></span> <span class='ocrx_word' id='word_1_343' title='bbox 2377 4185 2485 4251; x_wconf 92' lang='lat' dir='ltr'><strong>ille</strong></span> <span class='ocrx_word' id='word_1_344' title='bbox 2528 4185 2595 4250; x_wconf 93' lang='lat' dir='ltr'><strong>in</strong></span> 
     </span>
     <span class='ocr_line' id='line_1_39' title="bbox 348 4287 2644 4377; baseline -0 -22"><span class='ocrx_word' id='word_1_345' title='bbox 348 4290 556 4355; x_wconf 86' lang='lat' dir='ltr'><strong>animo</strong></span> <span class='ocrx_word' id='word_1_346' title='bbox 598 4288 839 4372; x_wconf 89' lang='lat' dir='ltr'><strong>habuit,</strong></span> <span class='ocrx_word' id='word_1_347' title='bbox 902 4291 1113 4359; x_wconf 86' lang='lat' dir='ltr'><strong>verbis</strong></span> <span class='ocrx_word' id='word_1_348' title='bbox 1155 4293 1478 4377; x_wconf 86' lang='lat' dir='ltr'><strong>barytonis</strong></span> <span class='ocrx_word' id='word_1_349' title='bbox 1523 4290 1773 4366; x_wconf 88' lang='lat' dir='ltr'><strong>omnino</strong></span> <span class='ocrx_word' id='word_1_350' title='bbox 1816 4308 1941 4355; x_wconf 91' lang='lat' dir='ltr'><strong>non</strong></span> <span class='ocrx_word' id='word_1_351' title='bbox 1970 4289 2395 4373; x_wconf 86' lang='lat' dir='ltr'><strong>praeponitur.</strong></span> <span class='ocrx_word' id='word_1_352' title='bbox 2461 4287 2596 4354; x_wconf 90' lang='lat' dir='ltr'><strong>Nec</strong></span> <span class='ocrx_word' id='word_1_353' title='bbox 2633 4307 2644 4317; x_wconf 51' lang='lat'>³</span> 
     </span>
    </p>
   </div>
   <div class='ocr_carea' id='block_1_5' title="bbox 2941 1991 2946 2646">
    <p class='ocr_par' dir='ltr' id='par_1_6' title="bbox 2941 1991 2946 2646">
     <span class='ocr_line' id='line_1_40' title="bbox 2941 1991 2946 2646; baseline 0 0"><span class='ocrx_word' id='word_1_354' title='bbox 2941 1991 2946 2646; x_wconf 95' lang='lat' dir='ltr'><strong> </strong></span> 
     </span>
    </p>
   </div>
   <div class='ocr_carea' id='block_1_6' title="bbox 2941 3212 2946 3724">
    <p class='ocr_par' dir='ltr' id='par_1_7' title="bbox 2941 3212 2946 3724">
     <span class='ocr_line' id='line_1_41' title="bbox 2941 3212 2946 3724; baseline 0 0"><span class='ocrx_word' id='word_1_355' title='bbox 2941 3212 2946 3724; x_wconf 95' lang='lat' dir='ltr'><strong> </strong></span> 
     </span>
    </p>
   </div>
  </div>
 </body>
</html>
