2946 4928
596 330 713 398 DE
754 305 1551 399 PnosanMA'rlsMo
1638 332 1708 399 P.
1730 332 1846 399 111„
1892 330 1959 399 c,
1982 332 2066 400 11.
2113 333 2169 419 §-
2191 331 2253 398 4.
2425 329 2554 399 253

303 497 586 580 positum
627 501 813 578 putat
836 496 908 580 ¹¹),
951 515 1071 564 nec
1112 495 1316 562 facilis
1360 500 1461 562 est
1504 495 1764 578 decisio;
1809 514 1958 563 nam
1991 500 2058 561 et
2077 495 2554 562 Homericorum

302 599 588 673 locorum
630 599 1071 682 interpretatio
1116 599 1455 681 ambigitur
1519 603 1586 666 et
1639 604 1994 670 ceterorum
2039 598 2418 681 scripturam
2434 629 2441 636 ·
2460 598 2554 663 ina
2656 677 2661 686 Ι

303 708 547 769 certam
612 702 824 768 reddit
887 707 1196 784 perpetua
1258 702 1573 769 librorum·
1609 702 2036 786 discrepantia
2100 707 2168 768 et
2210 702 2555 768 communis

302 805 633 889 particulis
677 805 982 871 localibus
1026 805 1309 872 confusio
1350 806 1745 872 relationum.
1833 805 2014 871 Idem
2056 806 2229 871 valet
2298 807 2377 872 de
2443 799 2554 871 οὖ·-

306 914 439 994 δαμ
448 913 517 976 οῖ
555 914 624 975 et
648 908 1008 989 adiunctis3
1081 927 1229 974 nam
1261 908 1433 975 haec
1477 927 1726 991 quoque
1772 908 2134 988 discrimen,
2180 909 2348 990 quod
2390 908 2556 976 inter

306 1016 434 1079 ποῖ
471 1016 538 1079 et
582 1015 718 1079 ποῦ
761 1016 992 1077 natura
1044 1012 1455 1079 constitutum
1501 1017 1628 1092 est,
1695 1012 2067 1094 plerumque
2110 1030 2235 1077 non
2280 1017 2552 1092 servant,

305 1115 440 1181 sive
482 1114 726 1181 librarii
770 1115 1054 1181 ordinem
1097 1115 1540 1195 turbaverunt,
1608 1115 1740 1181 sive
1796 1115 2136 1197 scriptores
2189 1115 2361 1195 ipsos
2414 1118 2554 1179 tur-

304 1216 485 1283 bavit
525 1217 634 1284 illa
679 1213 1119 1305 προσπάθεια
1164 1220 1290 1283 τῶι·
1312 1216 1836 1308 ἐπιρρημάτων,
1893 1218 1972 1284 de
2018 1236 2146 1301 qua
2187 1217 2555 1299 Apollonius

303 1321 586 1403 loquitur
630 1319 772 1386 615.
818 1318 919 1385 25.
959 1357 1031 1367 —-
1081 1318 1250 1385 Num
1294 1320 1656 1402 paronymis
1699 1319 1826 1386 illis
1868 1320 2361 1402 praepositio
2407 1338 2553 1387 con-

302 1441 487 1489 cessa
531 1423 643 1503 sit,
712 1440 837 1488 non
880 1423 1068 1505 plane
1110 1423 1341 1505 liquet3
1408 1421 1793 1488 Simonidem
1849 1422 2103 1504 quidem
2169 1422 2239 1490 ἐν
2274 1418 2560 1508 Ἰσθμοῖ

301 1526 653 1608 scripsisse,
721 1527 889 1608 quod
932 1525 1283 1592 Ahrensius
1328 1524 1615 1593 defendit
1654 1524 1802 1591 Dor.
1848 1526 1974 1590 227
1987 1575 2004 1606 ,
2069 1525 2227 1591 mihi
2267 1545 2393 1593 non
2436 1528 2553 1592 mi·

299 1649 424 1695 nus
470 1645 661 1713 quam
704 1629 1023 1695 Meinekio
1064 1628 1479 1710 improbabile
1521 1628 1746 1708 visum,
1789 1648 1845 1694 v.
1868 1627 2134 1693 Elemm.
2169 1628 2202 1693 I
2246 1627 2391 1710 626,
2434 1648 2553 1698 nec

300 1732 534 1814 probat
585 1733 957 1814 Bernhardy
1014 1730 1189 1814 Synt.
1254 1750 1315 1813 p.
1358 1730 1462 1795 81.
1522 1725 1624 1795 Ἐν
1689 1735 2008 1818 Μεγαροῖ
2070 1731 2319 1800 codices
2381 1721 2554 1798 haud

298 1835 490 1918 pauci
533 1835 831 1902 exhibent
871 1834 1031 1900 Plat.
1078 1833 1205 1899 Cic.
1249 1833 1316 1899 11
1348 1832 1476 1899 368
1503 1832 1581 1914 A,
1651 1834 1764 1900 sed
1807 1834 2196 1915 repudiatur,
2242 1852 2361 1901 nec
2403 1853 2551 1917 sup-

300 1938 621 2020 plemento
686 1937 812 2003 isto
876 1941 1024 2019 eget
1086 1941 1403 2024 Μεγαροῖ
1466 1936 1687 2003 TheatL
1760 1934 1881 2001 142
1944 1935 2028 2016 Β,
2097 1935 2406 2017 Theophr.
2470 1935 2550 2002 H.

300 2040 505 2106 Plant.
551 2040 618 2105 11
662 2040 729 2120 7,
775 2039 905 2121 ,qui
970 2040 1122 2106 alibi
1190 2042 1400 2108 dativo
1467 2039 1669 2105 utitur
1713 2035 2064 2127 Μεγάροις
2116 2039 2173 2103 V
2228 2040 2286 2105 2.
2333 2038 2392 2105 4.
2453 2034 2552 2105 Ἐν

302 2146 620 2226 Ποταμοῖ
660 2142 1132 2208 Hemsterhusii
1174 2144 1490 2209 arbitratu
1530 2146 1860 2223 receptum
1903 2146 2003 2207 est
2031 2141 2302 2209 Pausan.
2326 2143 2358 2208 Ι
2381 2141 2484 2208 31.
2507 2144 2549 2210 2

297 2257 417 2328 pro
461 2244 531 2313 ἐν
572 2248 948 2328 Ποταμοῖς,
1002 2246 1069 2310 in
1112 2264 1236 2328 quo
1277 2245 1425 2311 libri
1469 2244 1885 2314 consentiunt.
1974 2244 2283 2312 Maximas
2329 2246 2550 2312 turbas

300 2345 538 2414 conflat
578 2348 914 2415 tribunalis
948 2348 1158 2414 'Attici
1200 2365 1430 2412 nomen
1496 2364 1536 2412 a
1579 2346 2050 2429 glossographis
2118 2350 2423 2414 traditum
2485 2348 2552 2416 ἐν

306 2448 633 2538 Φρεάτου,
680 2450 749 2532 ἐς
798 2447 1127 2540 Φρεάτου,
1175 2450 1343 2534 quod
1388 2447 1617 2516 Suidas
1663 2449 1743 2515 ab
1786 2449 1979 2517 heroe
2022 2449 2253 2522 ficticio
2275 2451 2550 2532 Phreato

297 2554 552 2637 repetit,
598 2559 882 2620 assumta
924 2554 1148 2636 ellipsi,
1196 2571 1323 2636 qua
1367 2551 1435 2631 ἐς
1486 2552 1886 2641 Τροφωνίου
1931 2554 2159 2620 dicitur
2204 2561 2270 2621 et
2301 2556 2547 2623 similia.

300 2656 431 2723 Sed
474 2657 645 2739 apud
690 2657 1031 2739 scriptores
1053 2657 1115 2741 *)
1158 2657 1427 2740 legimus
1472 2655 1542 2723 ἐν
1593 2661 1950 2743 Φρεαττοῖ,
2020 2658 2197 2724 cuius
2252 2659 2307 2723 si
2349 2660 2548 2725 nomi·

296 2760 584 2826 nativum
638 2757 933 2846 fingimus
985 2756 1330 2847 Φρεαττώ,
1402 2759 1511 2824 ille
1577 2760 1851 2826 dativus,
1893 2764 1994 2826 est
2058 2760 2412 2827 ordinarius
2478 2767 2550 2826 ut

284 2859 571 2949 Ἱεριχοῖ
611 2859 751 2930 ἀπὸ
796 2865 914 2949 τῆς
951 2857 1213 2948 Ἰεριχώ
1259 2860 1473 2943 Steph.
1566 2860 1635 2927 Si
1675 2881 1826 2928 vero
1871 2863 1952 2929 ad
1985 2859 2323 2953 Φρεαττύς
2365 2882 2548 2947 repe-

293 2966 511 3046 timuS,
558 2967 727 3049 quod
771 2965 968 3032 semel
1009 2964 1244 3047 legitur
1287 2965 1456 3046 apud
1499 2964 1898 3047 Pausaniam,
1949 2970 2283 3055 Φρεαττοῖ
2322 2965 2548 3033 referri

292 3072 560 3152 oportet
602 3069 685 3134 ad
733 3068 1035 3134 adverbia
1080 3070 1514 3155 δοτικοφανῆ,
1561 3086 1725 3150 quae
1769 3069 1850 3135 ab
1895 3069 2035 3135 aliis
2078 3069 2308 3136 tertiae
2353 3069 2545 3137 decli-

296 3172 573 3238 nationis
631 3170 953 3236 vocabulis
1012 3171 1137 3235 huc
1201 3168 1650 3237 deflectuntur:
1732 3175 2079 3259 Πειραιοῖ,
2157 3176 2542 3259 Τιθραντοῖ,

306 3276 556 3351 Πυθοῖ,
605 3292 966 3356 quanquam
1008 3274 1128 3339 hoc
1172 3272 1535 3357 ambiguum
1578 3279 1705 3354 est3
1746 3290 1898 3340 nam
1926 3275 2094 3341 idem
2112 3274 2314 3340 videri
2334 3280 2548 3356 potest

299 3377 551 3444 dativus
593 3377 1060 3461 praepositione
1083 3377 1471 3457 destitutuS,
1543 3394 1707 3459 quae
1767 3377 2123 3443 nominibus
2187 3377 2546 3443 huiusmodi

297 3498 495 3562 saepe
539 3480 821 3546 additurz
864 3475 934 3547 ἐν
972 3474 1303 3557 Ἐλευσῖνι,
1350 3499 1406 3544 v.
1432 3479 1678 3561 Taylor.
1713 3480 1796 3546 ad
1817 3479 1961 3562 Lys.
2007 3498 2058 3548 c.
2083 3479 2318 3552 Andoc.
2339 3498 2399 3563 p.
2421 3479 2543 3547 103

438 3720 494 3787 7)
530 3722 611 3776 cf.
648 3722 718 3774 ad
749 3722 869 3789 Iph.
903 3723 969 3777 Τ.
1002 3720 1126 3778 984.
1193 3724 1259 3775 In
1292 3722 1414 3776 adn.
1457 3725 1530 3777 ad
1564 3725 1757 3779 Buttm.
1793 3718 1898 3779 365
1952 3726 2039 3778 vel
2084 3742 2202 3778 meo
2254 3725 2344 3779 vel
2392 3732 2544 3794 typo-

297 3807 492 3877 graphi
522 3810 680 3876 lapsu
715 3809 911 3862 dictum
946 3815 1029 3863 est
1061 3812 1396 3864 contrarium.
1826 3852 1829 3857 .

435 3892 489 3960 ⁸¹)
529 3895 600 3947 In
625 3911 807 3964 proqr.
853 3895 1083 3949 XXIII.
1126 3895 1255 3948 Jun.
1294 3894 1429 3951 1855
1463 3913 1525 3963 p.
1571 3894 1631 3950 6.-
1700 3894 1821 3960 ‚,'Er
1871 3900 1985 3951 sive
2037 3894 2108 3968 ἐμ
2166 3890 2445 3967 Φρεαττοῖ
2491 3906 2546 3960 et

302 3983 555 4050 Φρεαττοῖ
582 3999 690 4035 non
724 3983 897 4037 solum
929 3985 987 4034 in
1020 3983 1164 4048 EM„
1197 3983 1398 4035 Anecd.
1430 3983 1620 4047 Bekk„
1655 3983 1891 4048 Hellad.‚
1928 3984 2022 4036 aed
2055 3985 2199 4052 apud
2229 3986 2402 4053 ipsum
2437 3986 2542 4038 De-

293 4067 624 4121 mosthenem
673 4070 755 4121 bis
807 4072 923 4122 aine
970 4068 1297 4122 dissensione
1342 4069 1582 4125 codicum
1625 4069 1903 4137 scriptum,
1957 4070 2199 4137 idemque
2233 4071 2441 4123 Polluci
2491 4078 2549 4130 et,

294 4153 707 4222 Harpocrationi
764 4155 933 4207 critici
983 4157 1323 4224 restituerunt
1371 4171 1470 4222 pro
1517 4155 1745 4222 vulgato
1778 4150 2033 4224 Φρεάτου
2086 4158 2201 4209 sive
2240 4151 2540 4225 Φρεᾰττου’

297 4239 394 4292 sed
407 4240 553 4293 hunc
571 4241 863 4308 genitivum
885 4239 1222 4306 defectivum,
1241 4243 1453 4308 quicum
1488 4239 1552 4294 ἔν
1579 4237 1892 4310 Ἐχελιδῶν,
1931 4239 1992 4294 ἐν
2018 4240 2389 4310 Βερενικεδῶν
2416 4256 2545 4295 eona

298 4325 459 4397 gruit,
484 4330 697 4381 tuentur
714 4327 871 4381 etiam
891 4325 1104 4394 glossae
1119 4328 1377 4396 Hesychii
1409 4336 1464 4382 et
1481 4322 2033 4400 ΒοὶᾶαοἘμφρεᾶτου
2069 4332 2124 4380 et
2150 4320 2547 4399 Ἐσφρεάτου.“·
