2946 4928
566 324 682 392 DE
726 325 1522 396 PROSOHEMATISMO.
1617 324 1687 393 P.
1706 325 1823 393 III.
1869 325 1937 394 G.
1959 326 2043 393 Π.
2090 328 2145 414 ξ.
2169 326 2227 394 5.
2400 328 2528 398 255

281 487 550 554 Ahrens
595 488 772 556 Aeol.
820 490 941 558 109
988 497 1056 558 et
1094 489 1239 558 203.
1327 490 1714 557 Nominativi
1757 495 1824 556 et
1866 491 2153 564 vocativi,
2196 492 2320 558 huc
2385 462 2530 574 pro-

281 591 468 657 latati
513 596 805 660 auctores
848 595 1133 660 nominat
1177 593 1352 661 schol
1393 593 1466 660 Il.
1512 592 1673 660 XIII
1715 591 1843 658 588
1857 643 1873 674 ,
1919 593 2035 660 sed
2074 593 2352 661 Homero
2396 599 2530 668 tres
2642 646 2648 651 -

280 698 532 760 tantum
566 712 750 760 casus
774 698 1087 763 concedit:
1134 702 1215 786 τῇ
1260 700 1329 786 ἶρῖ
1375 699 1747 784 παραγωγῇ
1790 691 1827 760 ὃ
1878 695 2164 783 ποιητὴς
2203 693 2527 784 ἐχρήσατο

277 794 448 862 κατὰ
495 800 693 883 τριῶν
719 795 1079 878 πτώσεων,
1126 799 1239 868 ἐπὶ
1285 805 1560 887 γενικῆς,
1610 801 1898 884 δοτικῆς,
1944 793 2331 885 αἰτιατικῆς,
2399 795 2554 865 ΗΕ·Δ

281 898 529 966 siodum
570 918 721 967 vero
763 901 1086 968 addidisse
1128 902 1581 969 nominativum
1625 897 1930 989 ἑτέρηφι·
1992 901 2105 966 sed
2157 902 2324 968 hunc
2367 901 2527 967 dati·

285 1020 433 1066 vum
476 1020 620 1067 esse
662 1003 789 1069 iam
833 1004 982 1070 olim
1025 1004 1468 1087 Moschopolus
1520 1008 1588 1069 et
1628 1002 2005 1071 Eustathius
2058 1002 2239 1072 1251.
2285 1003 2368 1070 27
2437 1004 2528 1070 vi-
2554 1073 2574 1091 „

281 1103 528 1184 derunt,
572 1105 867 1188 idemque
912 1105 1302 1189 significatur
1344 1108 1424 1174 ab
1446 1106 1764 1189 Hesychio
1808 1101 2026 1193 Βίηφι
2068 1104 2189 1190 βία
2234 1103 2527 1189 δύναμις·

282 1205 646 1291 Πολέμων,
700 1227 906 1292 neque
960 1229 1119 1292 opus
1164 1215 1266 1276 est
1304 1206 1425 1298 βίᾳ
1473 1205 1744 1292 δυνάμει
1789 1207 2084 1275 scribere.
2171 1208 2335 1275 Nam
2364 1210 2539 1290 glos-2

283 1310 634 1393 sographus
678 1330 801 1377 non
848 1332 996 1379 raro
1041 1313 1291 1380 casibus
1334 1312 1667 1395 modisque
1699 1308 1968 1393 obliquis
1990 1311 2257 1394 apponit
2291 1315 2530 1391 rect0s;

278 1411 636 1478 Polemonis
679 1432 909 1484 nomen
942 1405 1366 1482 'Ruhnkenius
1412 1415 1496 1480 ad
1540 1415 1735 1480 alium
1778 1415 1986 1481 locum
2025 1413 2345 1498 pertinere
2396 1417 2527 1479 sta·

278 1515 434 1597 tuit,
494 1534 551 1581 V.
604 1516 864 1583 Preller.
909 1517 1140 1584 Polem.
1185 1518 1438 1600 Fragm.
1485 1516 1585 1582 94.
1699 1515 1901 1602 Casus
1965 1517 2178 1600 quarti
2240 1515 2530 1599 exempla

280 1618 406 1684 duo
449 1625 760 1685 memorat
803 1620 995 1686 schol.
1040 1621 1204 1687 vict.
1247 1621 1407 1688 XIII
1450 1619 1579 1687 308
1625 1619 1699 1685 τὸ
1747 1619 1885 1687 ἐπὶ
1953 1618 2337 1708 δεξιόφιν
2383 1614 2527 1686 ἀντὶ

279 1724 400 1787 τοῦ
447 1719 560 1789 ἐπὶ
609 1718 824 1802 δεξιόν
869 1719 1114 1807 (δεξιά)
1161 1719 1253 1802 ὥς
1298 1723 1371 1790 τὸ
1420 1719 1825 1811 ἀγέληφιν
1891 1721 2368 1806 ἐπέλθωμεν
2410 1719 2524 1798 ,ἐπ’

281 1820 510 1913 ἀγέλην
551 1822 861 1908 ἔλθωμεν
885 1826 931 1908 ¹)
978 1824 1339 1908 significans
1382 1825 1537 1892 XVI
1580 1824 1708 1896 487
1756 1832 1996 1911 ταῦρον
2041 1823 2293 1913 ἔπεφνε
2359 1823 2527 1891 λέων

281 1919 571 2014 ἀγέληφι
616 1924 981 2009 μετελθών.
1068 1927 1206 1994 Hoc
1251 1931 1445 1996 etiam
1491 1928 1681 1995 schol.
1707 1927 1867 1995 XIII
1888 1926 2014 1993 308
2060 1927 2332 2009 explicat
2375 1945 2528 1993 casu

277 2033 506 2109 quarto
551 2025 655 2098 ἐπ’
707 2026 965 2120 ἀγέλην,
1035 2031 1149 2096 sed
1193 2031 1356 2098 alius
1403 2029 1472 2100 ἐν
1525 2028 1754 2121 ἀγέλῃ,
1824 2030 2054 2098 Suidas
2121 2025 2225 2098 ἐπ’
2297 2024 2526 2118 ἀγέλῃ.

275 2129 500 2213 Neque
545 2131 938 2199 dubitatione
981 2135 1186 2199 caruit
1226 2135 1351 2201 XX
1398 2135 1521 2202 140
1568 2129 1776 2204 αὐτίκ’
1850 2132 2086 2201 ἔπειτα
2154 2126 2312 2219 παρ’
2385 2158 2428 2198 α
2444 2131 2525 2200 ὖ-

277 2258 316 2297 τ
330 2229 371 2298 o'
383 2257 435 2321 φ
449 2259 477 2301 ι
520 2238 731 2314 νεῖκος
776 2230 1052 2322 ὄρεῒται·
1116 2236 1235 2303 hoc
1277 2238 1445 2306 enim
1491 2239 1681 2305 schol.
1723 2237 1818 2302 br.
1886 2242 1953 2302 et
1993 2235 2370 2302 Eustathius
2435 2235 2528 2301 sic

278 2343 627 2420 exponunt:
677 2334 832 2428 παρ’
886 2334 1052 2405 αὐτὰ
1098 2335 1209 2407 καὶ
1255 2335 1596 2427 αὖθωρόν,
1645 2339 1832 2407 aliter
1872 2356 2022 2406 vero
2057 2338 2248 2406 schol.
2282 2338 2338 2403 B
2364 2332 2521 2426 παρ’

279 2433 536 2524 αὐτοῖς,
605 2435 680 2508 οὗ
737 2437 897 2530 παρ’
948 2439 1138 2510 αὐτά·
1207 2446 1490 2530 προεῖπε
1537 2441 1660 2531 γὰρ
1705 2444 1782 2509 τὸ
1830 2438 2067 2511 αὐτίκα
2114 2439 2528 2529 [napum-<591

277 2541 498 2624 Bekk.‚
544 2564 602 2611 v.
647 2546 683 2630 ς
729 2545 818 2631 6].
906 2546 1168 2613 Duobus
1233 2547 1359 2611 illis
1416 2545 1854 2627 Theognostus
1903 2544 2042 2612 160.
2095 2544 2172 2611 14
2238 2545 2529 2628 adiungit

278 2655 518 2734 ναῦφι,
589 2649 704 2715 sed
758 2649 878 2715 hoc
936 2667 1250 2732 nusquam
1293 2649 1636 2715 accusativi
1678 2649 1887 2716 locum
1930 2649 2175 2715 obtinet
2214 2666 2421 2731 neque
2462 2649 2527 2713 in

147 2796 156 2799 Α
275 2758 345 2824 in
396 2757 517 2824 hoc
580 2771 842 2820 numero
909 2750 1185 2818 refertur
1228 2771 1267 2817 a
1321 2751 1514 2817 schol.
1559 2750 1730 2832 Lips.
1774 2752 1842 2817 11
1884 2751 2030 2831 233,
2093 2751 2398 2819 Choerob.
2462 2751 2529 2817 in

274 2858 421 2925 ΕΜ,
467 2856 615 2923 800.
660 2855 720 2936 8,
764 2855 972 2938 Epim.
997 2853 1141 2921 293.
1188 2853 1292 2935 25,
1337 2872 1535 2937 quare
1560 2854 1845 2937 suspicor
1887 2853 2065 2921 illum
2107 2852 2334 2943 ἔννηφι
2370 2853 2525 2919 scri·-

277 2962 485 3045 psisse
529 2964 719 3042 atque
762 2958 1137 3052 Hesiodium
1178 2955 1334 3021 illud
1398 2951 1495 3035 εἶς
1538 2955 1768 3045 ἔνιήφι
1832 2956 2320 3039 interpretatum
2382 2973 2527 3021 esse

277 3060 372 3141 εἷς
416 3062 567 3149 ἔνην
589 3109 607 3139 ,
674 3061 787 3127 sed
830 3062 935 3129 hic
978 3061 1229 3127 videtur
1271 3058 1587 3140 genitivus
1632 3078 1792 3140 esse,
1845 3060 1955 3141 qui
2000 3060 2253 3142 saepius
2297 3059 2528 3143 legitur

275 3162 371 3244 εἷς
437 3164 585 3253 ἕνης
651 3164 781 3230 Sive
851 3163 1031 3251 ἔννης
1098 3162 1228 3229 scil.
1281 3155 1532 3247 ἡμέραν
1588 3163 1656 3226 in
1700 3161 1864 3227 diem
1894 3159 2253 3247 perendim‘.
2350 3151 2526 3244 Ἰζεν

280 3265 385 3335 ἐπ’
433 3264 890 3354 ἐσχαρόφιν
936 3264 1052 3331 Od.
1097 3263 1254 3329 XIX
1298 3263 1424 3330 389
1470 3264 1873 3330 Thierschius
1919 3266 1954 3349 ξ
1995 3263 2118 3329 182
2181 3280 2299 3346 pro
2341 3281 2524 3330 accu-

279 3370 483 3437 sativo
524 3369 796 3436 nominis
823 3368 1091 3434 obsoleti
1135 3364 1418 3453 ἔσχαρος
1458 3366 1683 3448 habet3
1729 3366 1901 3449 apud
1920 3366 2078 3432 alios
2122 3365 2241 3433 hoc
2262 3366 2549 3433 verbum„

276 3471 553 3539 secundo
599 3488 846 3554 quoque
892 3475 958 3535 et
1002 3470 1191 3535 tertio
1238 3470 1603 3551 adiungitur
1647 3470 1838 3550 casui,
1873 3489 1926 3535 v.
1970 3469 2186 3552 Poppo
2231 3470 2313 3535 ad
2355 3468 2523 3535 Thu-

271 3575 408 3657 cyd.
452 3572 487 3639 1
535 3570 657 3639 106
701 3591 761 3656 p.
810 3570 934 3637 659
953 3572 1023 3656 ²).
1075 3610 1146 3635 τ-
1200 3571 1771 3643 Grammaticorum
1813 3573 2098 3657 plerique
2142 3589 2523 3655 paragogen,

345 3868 352 3872 ’
419 3798 478 3862 1)
505 3799 655 3862 Quae
690 3803 976 3866 sequuntur
1011 3791 1043 3865 ἢ
1079 3793 1426 3867 ἔπιδεξιόφιν
1475 3794 1596 3865 ἑξῆς
1632 3800 1744 3859 τοῖς
1775 3798 2095 3866 βασιλεῦσιν
2130 3795 2381 3865 ἀμείβειν
2432 3795 2528 3858 τὰς

272 3885 442 3945 λέξεις
458 3886 760 3952 resegmina
774 3890 898 3937 sunt
912 3886 1016 3937 huc
1032 3885 1483 3938 transformanda:
1519 3878 1552 3951 ἢ
1579 3881 1724 3951 (ἀντὶ
1745 3884 1861 3950 τοῦ)
1898 3882 1990 3937 ἐπὶ
2028 3881 2199 3945 δεξιά.
2230 3881 2386 3952 'El-'51¹1‘
2415 3889 2528 3944 τοῖς

268 3972 595 4038 βασιλεῦσιν
623 3967 872 4039 ἀμείβειν
890 3965 983 4031 τὰς
1000 3967 1188 4034 τάξεις,
1220 3988 1343 4025 nam
1364 3973 1428 4025 de
1448 3973 1775 4024 ordinatione
1793 3973 2060 4041 copiarum
2076 3972 2312 4024 hocloco
2332 3973 2525 4040 agitur.

412 4057 468 4117 2)
506 4057 632 4128 Πῦρ
651 4055 811 4110 καίετ’
835 4052 917 4109 ἐπ’
942 4050 1246 4127 ἐσχαρόφιν
1268 4058 1372 4112 Od.
1389 4059 1440 4111 V
1455 4055 1542 4124 59,
1563 4057 1718 4131 ῥέζον
1737 4055 1819 4111 ἐπ’
1842 4053 2152 4128 ἐσχαρόφιν
2167 4058 2349 4133 Apoll.-
2360 4055 2524 4110 11494

271 4145 411 4196 inter
446 4144 579 4198 duos
616 4160 772 4197 casus
807 4142 1055 4208 fluctuat),
1110 4160 1330 4212 quorum
1383 4161 1489 4196 uno
1523 4143 1821 4210 Aeschylus
1874 4146 1930 4194 in
1963 4144 2149 4211 Agam.
2190 4142 2323 4198 1397
2361 4144 2525 4195 utitur

261 4229 387 4296 «πῦρ
424 4225 510 4299 ἐφ’
550 4227 732 4288 ἑστίας
766 4231 965 4294 αἴθειν,
1003 4230 1167 4282 altero
1201 4231 1339 4283 idem
1373 4231 1530 4283 Eum.
1550 4229 1649 4307 Ill
1688 4225 1864 4283 δεῖπν’
1905 4225 1986 4283 ἐπ’
2026 4225 2234 4300 ἐσχάρᾳ
2271 4228 2441 4280 ἔθυον
2475 4236 2526 4285 et

268 4315 549 4382 Antipater
585 4317 742 4369 Anth.
780 4317 855 4368 lx
890 4312 995 4369 309
1032 4313 1135 4386 ἐφ’.
1158 4313 1305 4388 ἑστίῃ
1343 4308 1602 4387 ἄνθρακα
1639 4319 1834 4380 καίειν.
