2946 4928
453 331 668 403 m
973 353 992 361 ·
1213 332 1770 407 oms-smnio
1806 337 1982 409 vm.
2033 382 2045 403 -.
2108 288 2117 297 ’

453 512 528 581 Π.
573 514 734 580 XIII
777 514 835 595 3,
879 514 1034 583 XXI
1063 515 1212 598 415,
1260 515 1528 586 ἂναιᾶἐε
1573 515 1903 602 δάμναται
1951 511 2104 585 ὄσσε
2147 513 2695 599 Aponon.11407;

457 618 571 684 sed
613 619 717 683 hic
761 617 884 684 duo
928 619 1250 684 novissimi
1304 620 1581 687 editores
1627 640 1663 687 e
1708 622 1885 688 codd.
1931 618 2335 686 reduxerunt=
2373 619 2693 702 pluralem,

456 722 856 802 vicissimque
899 722 964 785 in
1008 716 1352 788 Homerico·
1385 725 1523 791 loco
1586 724 1732 790 libri
1799 723 2185 808 αἱματόειιιε
2252 722 2571 789 exhibent*
2596 716 2695 802 [cf.

458 841 520 904 p.
572 822 691 887 172
736 823 843 907 n.].
896 861 968 871 —-
1018 823 1242 892 Dualis
1287 825 1391 892 τὼ
1437 829 1613 911 γένε
1679 828 1828 893 olim
1893 829 2062 912 apud
2104 828 2436 893 Platonem
2505 822 2696 886 lectus

457 942 625 990 nunc
671 925 839 1008 γένει
887 927 1208 1009 scribitur,
1276 948 1333 995 V.
1373 928 1602 995 Matth.
1647 948 1908 1013 gramm.
1956 931 1992 1016 ἓ
2039 930 2122 996 78
2170 931 2312 995 adn.
2359 929 2415 992 5.

471 1042 476 1043 ’
630 1027 843 1095 Nimia
865 1031 930 1095 in
957 1029 1317 1097 affectiones
1339 1032 1729 1115 indulgentia
1742 1034 2143 1100 Herodianus
2166 1038 2277 1099 eta·
2292 1045 2549 1113 quoque
2569 1025 2696 1091 tolli

458 1148 645 1213 posse
690 1132 940 1197 statuit:
986 1131 1062 1197 τὸ
1109 1131 1268 1218 γλήν
1315 1132 1476 1220 παρ’
1516 1130 2022 1223 Ἑρμησιάνακτι
2065 1131 2190 1215 ,οὐκ
2236 1131 2492 1211 ἐντελές
2517 1130 2699 1208 ἐστιν,

462 1230 1007 1316 ἀποκεκομμένον
1063 1234 1136 1300 δὲ
1180 1231 1252 1300 ἐκ
1295 1238 1415 1301 τοῦ
1459 1234 1659 1324 γλήνη
1704 1237 1872 1303 Mon.
1923 1237 2002 1303 16
2053 1237 2149 1319 13,
2215 1241 2283 1302 et
2326 1233 2499 1318 quod
2564 1249 2697 1314 pro-

460 1337 638 1400 xime·
671 1340 817 1402 ante
841 1336 1056 1402 attuli:
1105 1332 1231 1424 κάρ
1278 1332 1416 1403 ἀπὸ
1464 1345 1585 1405 τοῦ
1628 1335 1815 1428 κάρη.
1902 1340 2078 1405 Haec
2118 1340 2331 1422 potius
2353 1338 2698 1404 thematum

461 1439 598 1505 loco
641 1438 934 1504 habenda
977 1444 1127 1506 sunt
1188 1445 1262 1505 ut
1306 1436 1468 1526 Ζήν,
1510 1446 1576 1507 et
1621 1446 1798 1529 φᾶρ,
1864 1462 1921 1509 v.
1966 1442 2196 1508 Parall.
2244 1439 2344 1507 74.
2394 1478 2470 1488 -
2521 1435 2701 1504 Haud

461 1543 672 1607 minus
693 1542 1335 1624 commenticium'ffest,
1381 1543 1549 1625 quod
1573 1543 1761 1609 schol.
1785 1544 1879 1609 IX
1905 1544 2029 1610 393
2053 1544 2279 1610 refert:
2325 1543 2400 1609 τὸ
2454 1539 2544 1607 σό
2561 1566 2612 1605 ω
2627 1562 2696 1604 σι

470 1642 842 1733 Τυραννίων
890 1644 1331 1734 προπερισπᾷ
1377 1640 1469 1723 ὥς
1512 1650 1781 1727 νοῶσιν,
1851 1642 1943 1726 ὡς
1989 1646 2126 1713 ἀπὸ
2176 1653 2294 1713 τοῦ
2339 1651 2480 1710 σοῶ
2528 1667 2699 1726 περι-

462 1747 842 1832 σπωμένου,
889 1746 1061 1830 ἐπεῖ,
1110 1748 1293 1835 φηρὶ,
1341 1748 1451 1814 καί
1495 1748 1569 1815 τὸ
1618 1745 1914 1815 εὐκτικὸν
1978 1749 2141 1812 κατὰ
2190 1730 2707 1833 ἀποκοπὴν-εἴ

360 1858 373 1937 fl
464 1874 587 1917 πεν
631 1896 667 1930 ‚‚
716 1844 759 1936 ἥ
805 1851 889 1916 κέ
934 1874 1126 1935 σφιν
1170 1853 1361 1935 νῆας
1403 1876 1484 1916 τε
1529 1853 1749 1938 σοῷ“
1795 1852 1876 1935 (v.
1923 1848 2077 1933 424)
2125 1850 2236 1916 καὶ
2281 1849 2356 1914 τὸ
2404 1849 2702 1934 δεύτερον

461 1948 815 2034 ,,ὃ’ππως
886 1960 1015 2016 u‘ev
1076 1949 1266 2037 νῆάς
1332 1978 1414 2018 τε
1481 1957 1744 2041 ‘’mik“
1810 1953 2011 2037 (681).
2098 1952 2165 2017 Is
2208 1953 2404 2034 igitur
2455 1956 2593 2039 σοῷ
2632 1966 2701 2013 ex

465 2049 645 2142 σοῴη
690 2052 928 2119 factum
971 2054 1234 2134 putavit,
1281 2072 1320 2117 a
1363 2055 1569 2136 prima
1612 2061 1886 2136 persona
1929 2053 2174 2144 σοῴην,
2221 2054 2389 2137 quod
2433 2054 2545 2119 ille
2585 2050 2699 2117 for·

462 2160 636 2220 tasse
682 2172 821 2218 cum
868 2149 1087 2242 ἆλῴηι·
1133 2160 1200 2219 et
1241 2156 1551 2222 similibus
1597 2157 1827 2222 ectasis
1853 2159 2155 2239 exemplis
2200 2157 2607 2238 comparavit,
2648 2172 2697 2217 v.

463 2257 546 2322 ad
588 2256 816 2338 Phryn.
864 2254 1008 2321 346.
1095 2253 1278 2322 Nunc
1320 2257 1506 2322 aliter
1554 2258 1966 2341 existimatur,
2012 2280 2069 2326 v.
2112 2259 2401 2325 Rhemat.
2456 2257 2594 2324 183.

634 2358 775 2423 Iota
816 2360 1253 2440 pronominum
1295 2362 1722 2441 personalium
1790 2388 1824 2427 ν
1839 2348 1929 2429 ἷῢι
1973 2367 2041 2454 et
2083 2385 2189 2451 σφ
2203 2365 2293 2426 ῶι
2338 2366 2558 2427 utrum
2600 2376 2700 2423 na·

333 2509 350 2528 .
463 2463 664 2528 tivum
709 2462 809 2543 sit,
857 2481 937 2527 an
986 2462 1369 2544 additivum‚
1417 2467 1845 2562 controuersia
1888 2472 1989 2532 est
2028 2469 2343 2549 pervetus.
2433 2463 2477 2530 J
2478 2476 2700 2529 oannes

462 2584 524 2647 p.
568 2564 652 2629 23
699 2564 853 2629 dicit
893 2565 1005 2629 illa
1044 2571 1274 2631 natura
1295 2566 1607 2649 bisyllaba
1650 2587 1809 2649 esse,
1853 2569 1985 2633 iota
2008 2573 2219 2633 autem
2252 2585 2369 2649 per
2391 2579 2701 2651 apocopen

462 2668 616 2748 tolli,
665 2673 731 2733 et
774 2663 1236 2733 Arcadius1›78
1282 2673 1396 2734 νῶι
1445 2669 1554 2734 καὶ
1602 2675 1778 2751 σφῶι
1828 2661 2188 2752 πάσχουόιν
2214 2655 2573 2758 ἇποκοῖτὴν
2601 2661 2701 2729 καὶ

465 2765 839 2850 ὄξῦνονταιε
891 2768 979 2836 νώ
1023 2768 1195 2860 σφώ,
1239 2789 1432 2853 quam
1481 2789 1801 2853 apocopen
1827 2764 2136 2855 syncopae
2178 2771 2430 2836 nomine
2479 2763 2703 2851 signifi-

464 2878 568 2939 cat
607 2872 750 2937 ΕΜ.
798 2871 942 2937 609.
987 2871 1089 2937 46.
1176 2874 1219 2940 J
1220 2891 1321 2939 am
1363 2880 1438 2939 ut
1479 2875 1747 2939 ulterius
1793 2874 2237 2954 ascendamuS,
2305 2873 2695 2939 Herodianus

466 2995 506 3041 a
549 2973 814 3040 Lehrsio
860 2979 1179 3040 correctus
1224 2978 1307 3041 ad
1348 2975 1419 3041 11.
1464 2976 1497 3039 I
1541 2975 1668 3042 574
1716 2972 1866 3063 σφώ
1922 2995 2047 3041 non
2111 2976 2501 3058 primitivum
2566 2987 2697 3039 esse

467 3076 708 3154 statuit,
756 3075 871 3141 sed
916 3071 1058 3141 ἀπὸ
1104 3081 1220 3162 τῆς
1262 3079 1439 3164 σφῶι
1480 3076 1839 3158 profectum
1881 3083 2142 3159 mutato,
2204 3079 2360 3159 quia
2405 3080 2454 3148 ὦ
2504 3073 2698 3142 dualis

465 3178 820 3260 perispasin
841 3196 969 3242 non
1013 3178 1310 3258 admittit,
1353 3184 1632 3244 accentu.
1721 3177 2122 3261 Antiquiores
2146 3179 2421 3262 quidam,
2469 3179 2549 3244 de
2571 3175 2698 3258 qui-

464 3281 586 3346 bus
630 3279 997 3362 Apollonius
1052 3280 1357 3363 loquitur,
1426 3299 1621 3363 quum
1686 3281 2281 3347 animadvertissent
2295 3330 2310 3360 ,
2377 3285 2698 3362 poetarum

467 3383 978 3466 antiquissimum
1022 3381 1207 3447 modo
1251 3380 1360 3460 νώ,
1408 3379 1582 3474 σφώ,
1629 3383 1815 3449 modo
1860 3390 1997 3459 νῶι,
2046 3373 2224 3468 σ’φῶι
2280 3383 2519 3463 dicere,
2583 3394 2697 3445 non

468 3485 838 3551 dubitarunt
879 3489 1216 3565 utrumque
1255 3483 1664 3558 thematieum
1689 3504 1860 3566 esse;
1904 3485 2061 3551 illud
2085 3485 2313 3569 Atticis
2355 3485 2697 3567 probatum,

468 3587 589 3652 hoc
629 3587 887 3652 Ionibus
912 3587 1188 3652 Atticam
1232 3588 1523 3669 egressis.
1612 3588 1727 3654 Ille
1768 3588 1908 3670 ipse
1951 3587 2102 3669 quid
2147 3587 2434 3666 senserit,
2479 3583 2697 3651 doctis-

369 3765 386 3778 „
469 3690 667 3755 simus
734 3688 870 3754 eius
932 3690 1245 3771 interpres
1291 3687 1642 3757 Skrzeczka
1706 3691 1773 3755 in
1819 3686 2163 3753 observate.
2228 3687 2294 3750 in
2360 3687 2575 3772 Apoll.
2630 3678 2699 3743 de

468 3790 664 3855 Pron.
709 3810 770 3873 p.
814 3791 899 3856 20
942 3810 1069 3855 non
1112 3791 1394 3872 praecise
1438 3789 1847 3858 determinat:
1914 3788 2128 3873 „Num
2168 3789 2436 3874 Atticae,
2487 3785 2694 3871 inquit,

449 3880 713 3977 formale
770 3895 860 3957 νώ
903 3904 961 3955 ει
1004 3890 1155 3980 σφώ
1212 3893 1598 3976 primariae,
1666 3897 1784 3958 νῶι
1850 3902 2054 3955 autem
2117 3901 2177 3953 et
2241 3895 2418 3978 σφῶι
2482 3914 2563 3957 ex
2617 3886 2695 3950 iis

451 3994 683 4081 factae
727 3995 872 4077 sint,
919 3994 1261 4081 Apollonio
1306 4018 1431 4059 ‘non
1475 3996 1635 4059 catab
1672 3995 1933 4076 constat,
1979 3990 2096 4057 sed
2113 3993 2420 4057 inclinare
2462 3990 2695 4058 videtur

470 4096 625 4180 (112
648 4095 738 4180 B)
764 4097 1014 4160 animus
1036 4096 1190 4178 eam,
1234 4107 1303 4158 ut
1335 4094 1771 4181 monosyllaba
1814 4117 1846 4158 e
1891 4096 2172 4181 lonqiorc
2172 4095 2404 4180 forma
2409 4119 2538 4183 per
2556 4110 2693 4179 apo-

472 4220 665 4282 copen
688 4199 884 4281 facta
906 4220 1039 4260 esee
1081 4198 1393 4261 emktimet
1435 4198 1596 4278 εὐαί(
1683 4196 1848 4274 Quid
1867 4198 2143 4262 omnium
2162 4197 2557 4264 verissimum
2598 4192 2691 4268 sits

469 4297 593 4365 hoc
635 4301 842 4366 minus
887 4300 1227 4365 decernere
1270 4300 1568 4380 audeam,
1612 4316 1758 4380 „quo
1801 4297 2002 4365 maior
2042 4305 2143 4365 est
2194 4299 2418 4365 horum
2480 4309 2725 4381 prom»,
