2946 4928
412 359 496 428 42
1183 360 1740 430 DISSERTATIO
1782 361 1891 429 VI.

407 517 577 613 ἤϊον,
621 525 736 591 sed
757 524 875 593 hoc
895 527 1090 593 etiam
1133 526 1528 594 contrahitur
1570 521 1701 616 ᾖον
1746 520 1957 618 ,ᾖσαν.
1987 565 2059 575 -
2088 526 2379 595 Alterum
2407 530 2660 593 constat

410 648 489 694 ex
553 629 848 712 optativis
914 628 1291 712 quibusdam
1354 630 1618 713 perfecti
1660 633 1923 715 passivi,
1990 632 2099 715 qui
2141 631 2422 698 vocalem
2482 628 2680 696 modi.

410 732 597 799 huius
642 733 1216 799 characteristicam
1258 740 1489 815 gerunt
1532 735 1647 801 sed
1689 754 1832 802 eam
1876 730 2261 818 diphthongo
2290 732 2657 812 involutam,

406 837 512 902 vix
572 841 647 902 ut
710 836 793 901 ad
847 856 1034 903 aures
1077 838 1430 919 perveniat:
1504 833 1644 904 ἀπὸ
1691 842 1810 905 τοῦ
1853 839 2190 927 μέμνημαι
2236 837 2312 903 τὸ
2358 831 2660 905 εὐκτικὸν

404 935 768 1029 μεμνῄμην,
833 944 1123 1028 μεμνῇο,
1190 944 1484 1029 μεμνῇτο
1552 940 1695 1006 ΕΜ.
1755 939 1901 1007 578.
1967 939 2081 1020 51,
2147 939 2223 1006 τὸ
2288 935 2658 1031 μεμνῄμην

409 1038 733 1129 ἀνάλογον
817 1036 1114 1109 osi-nux&
1188 1043 1355 1109 καιὰ
1437 1043 1522 1110 τὰ
1589 1043 1915 1131 κέκλημαι
1991 1043 2322 1132 κεκλῄμην
2389 1041 2503 1111 καὶ
2566 1042 2656 1109 τὰ

410 1143 615 1228 ὃμοια
659 1145 840 1212 Eust.
889 1144 1072 1213 1374.
1124 1146 1178 1227 1,
1232 1150 1500 1229 uterque
1543 1147 2003 1227 Herodianum,
2068 1150 2144 1211 ut
2206 1145 2484 1228 videtur,
2551 1164 2657 1213 se-

408 1250 606 1331 quuti,
652 1249 761 1332 qui
803 1249 870 1314 in
900 1248 975 1314 11.
999 1248 1222 1314 XXIII
1243 1248 1363 1316 361
1415 1251 1612 1317 allata
1653 1250 1885 1332 triplici
1931 1254 2247 1332 scriptura
2285 1250 2658 1334 μεμνέωτο,

407 1356 737 1441 μεμνῷτο,
781 1356 1077 1441 μεμνῇτο
1147 1353 1327 1418 addit
1388 1355 1465 1420 τὸ
1513 1349 1836 1442 ἀνάλογον
1889 1353 2003 1421 διὰ
2047 1356 2166 1420 τοῦ
2209 1356 2280 1438 ἶ
2335 1377 2654 1440 προσκει-

406 1454 613 1540 μένου
657 1460 777 1522 τοῦ
832 1457 877 1528 ἶ
896 1452 1051 1546 παρ’
1094 1451 1580 1545 Ἀριστοφάνει·
1646 1454 1715 1526 ἐν
1781 1455 2028 1543 ἑτέροις
2089 1455 2322 1540 μέντοι
2376 1453 2657 1538 ἐντελῶς

410 1558 567 1645 περὶ
611 1564 726 1626 τοῦ
771 1563 1233 1651 σχηματισμοῦ
1289 1562 1620 1647 διέλαβον.
1738 1560 1953 1627 Prima
1994 1577 2269 1642 persona
2307 1557 2658 1649 μεμνῄμην

408 1663 481 1729 11.
505 1663 719 1729 XXIV
754 1661 879 1730 745
925 1665 1076 1731 olim
1120 1664 1257 1730 sine
1300 1664 1432 1731 iota
1476 1665 1872 1731 scribebatur
1894 1668 1961 1729 et
1980 1665 2329 1752 μεμνῇσθε
2350 1662 2658 1731 Andocid.
2701 1659 2711 1668 ’

410 1767 489 1834 de
544 1766 733 1850 Myst.
783 1767 880 1833 18.
926 1767 1011 1833 30
1080 1767 1210 1851 (70.
1258 1765 1342 1833 30
1400 1767 1523 1851 R),
1593 1768 1838 1834 addidit
1899 1784 2048 1834 vero
2101 1765 2356 1832 Bekker
2419 1785 2480 1850 p.
2530 1765 2657 1834 124

410 1870 465 1956 ἕ.
517 1868 633 1935 141
684 1876 750 1937 et
793 1870 977 1936 alteri
1022 1865 1377 1958 κεκλῄμεθ’
1427 1862 1511 1936 ‹352›
1551 1871 1871 1953 Aristoph.
1916 1870 2061 1954 Lys,
2106 1868 2233 1935 253
2277 1869 2660 1937 Brunckius.

411 1971 576 2057 [Vol.
643 1972 677 2037 I
741 1970 915 2057 426]
1024 1970 1124 2037 De
1188 1976 1457 2054 utroque
1524 1974 1817 2040 dixerunt
1880 1973 1987 2038 alii
2053 1973 2212 2039 alias
2229 2022 2246 2053 ‚
2314 1973 2657 2041 novissime

412 2075 832 2159 Schneiderus
877 2075 961 2141 ad
1001 2075 1162 2141 Plat.
1196 2073 1377 2140 Civit.
1424 2074 1493 2141 T.
1538 2076 1605 2141 Π
1648 2075 1796 2144 263.
1885 2076 1943 2143 Α
1985 2076 2297 2144 similibus
2341 2075 2657 2159 perfectis,

409 2199 572 2264 quae
614 2179 818 2246 multa
859 2184 1025 2261 sunt,
1089 2178 1428 2266 κέχρημαι,
1499 2179 1864 2266 τέτμηγμαι
1907 2185 2023 2247 etc.
2082 2181 2292 2246 nullus
2337 2180 2660 2262 optativus

411 2284 636 2351 ductus
680 2283 946 2349 videtur.
1038 2281 1166 2350 Sed
1207 2283 1329 2349 rite
1376 2280 1784 2365 subsequitur
1828 2283 2100 2351 aoristos
2127 2284 2437 2349 secundos
2458 2302 2657 2366 quum

410 2387 677 2453 aliorum
719 2385 1054 2453 verborum
1115 2390 1253 2451 tum
1298 2385 1567 2452 duorum
1629 2385 1696 2451 in
1760 2387 2016 2468 easdem
2076 2385 2351 2470 syllabas
2393 2388 2552 2473 ,ῖμῖἱ
2585 2390 2660 2453 ut

409 2491 605 2556 verba
647 2492 714 2557 in
755 2492 827 2578 ᾗ
868 2490 1248 2570 exeuntium,
1294 2495 1486 2574 atque
1530 2490 1688 2566 haec
1729 2492 1862 2562 iota.
1903 2479 2068 2557 nunc
2110 2489 2498 2574 adscriptum
2540 2491 2654 2560 ha-

409 2594 590 2674 bent,
656 2612 821 2660 nunc
886 2592 1340 2676 subscriptum:
1413 2594 1597 2675 βλεῖο
1663 2592 1764 2676 (ut
1831 2593 2014 2677 θεῖο)
2080 2581 2270 2660 schol.
2335 2593 2656 2677 Aristoph.

409 2698 562 2764 Ach.
608 2695 735 2763 236
802 2695 988 2764 affert
1051 2715 1129 2763 ex
1183 2697 1255 2764 IL
1300 2697 1463 2764 XIII
1507 2694 1652 2776 288,
1721 2695 1835 2762 sed
1878 2697 2002 2764 duo
2048 2696 2294 2764 codices
2336 2698 2542 2782 βλῆο,
2585 2696 2656 2766 id

408 2806 509 2868 est
573 2802 655 2886 βλ
659 2803 745 2891 ῇο
812 2801 1121 2884 probante
1168 2798 1450 2881 Glarkio‚
1520 2817 1721 2882 eoque
1786 2799 2071 2882 exemplo
2132 2798 2490 2880 Brunokius
2553 2799 2654 2865 bis

408 2904 818 2988 Aristophani
882 2904 1162 2970 reddidit
1225 2899 1583 2991 ἐμηλὴμην
1639 2907 1716 2968 et
1769 2900 2070 2991 ἕμπλῇτο
2126 2907 2346 2972 contra
2387 2902 2653 2983 codices,
2727 2911 2735 2920 ·

409 3008 525 3075 sed
567 3013 895 3090 acceptum
935 3007 1269 3090 plerisque.

448 3130 453 3138 ·
583 3112 637 3197 ξ.
683 3110 742 3177 3.
830 3110 1008 3178 Duas
1037 3110 1302 3192 vocaleS,
1349 3127 1513 3192 quae
1555 3108 1622 3174 in
1650 3102 1814 3196 ἠΰς,
1836 3102 2052 3194 πρηΐις
2083 3112 2199 3176 etc.
2224 3126 2308 3173 se
2317 3107 2654 3192 excipiunt,

411 3234 621 3282 sermo
664 3214 1009 3283 communis
1051 3232 1177 3279 non
1220 3212 1404 3279 facile
1449 3212 1736 3280 admittit
1770 3210 1895 3276 nisi
1932 3215 2288 3294 contractas
2333 3216 2400 3277 et
2440 3213 2508 3280 id
2549 3231 2653 3279 so-

409 3322 541 3388 lum
583 3321 650 3386 in
694 3322 1030 3402 augmento
1074 3316 1427 3384 verborum·
1457 3313 1544 3385 τὸ
1567 3318 1652 3399 ἠ’
1692 3313 1805 3380 καὶ
1850 3312 1925 3378 τὸ
1972 3315 2042 3383 ‘v'-
2073 3312 2143 3382 ἐν
2182 3316 2308 3405 μιᾷ
2357 3315 2656 3404 συλλαβῇ

410 3448 530 3492 ουκ
575 3422 753 3492 ἔστιν
797 3422 1152 3508 ἐπινοῆσαι
1193 3419 1396 3505 χωρὶς
1421 3416 1482 3490 εἰ
1522 3417 1616 3506 μὴ
1642 3417 1708 3484 ἔν
1731 3414 1964 3484 κλίσει
1987 3413 2332 3505 ρἡατσςε.
2362 3410 2512 3505 ηυὸ
2527 3445 2650 3500 ων

410 3553 697 3617 ηυχουν
743 3526 1027 3608 Apollon.
1071 3524 1229 3591 Adv
1275 3522 1420 3590 560.
1531 3521 1697 3588 Hinc
1762 3526 1976 3590 autem
2030 3525 2507 3603 argumentatur
2571 3521 2655 3590 de

408 3630 736 3715 particula,
783 3647 974 3711 quam
1017 3628 1140 3694 hoc
1174 3627 1316 3693 loco
1358 3646 1440 3692 ex
1483 3625 1788 3709 professo
1807 3628 2073 3692 tractat:
2121 3620 2492 3710 αναγκαίως
2538 3616 2657 3691 οὖν

413 3730 450 3821 ἡ
499 3731 845 3812 διάστασις
886 3736 1007 3799 τοῦ
1055 3726 1232 3817 ἠΰτε,
1277 3735 1345 3801 et
1385 3732 1533 3797 huic
1583 3729 1843 3812 apponit
1881 3727 2287 3802 Homericum
2334 3721 2534 3815 γρηῢς
2578 3746 2657 3794 ex

411 3839 612 3923 γρηῦς
656 3836 1004 3916 diductum,
1062 3836 1225 3901 hanc
1264 3835 1436 3902 enim
1481 3850 1847 3916 germanam
1890 3849 2031 3904 esse
2074 3830 2345 3896 nominis
2387 3828 2658 3898 formam

408 3939 663 4023 probari
707 3939 980 4021 genitivo
1004 3935 1222 4026 γρηός,
1270 3955 1419 4004 nam
1462 3956 1503 4002 a
1543 3934 1852 4018 bisyllabo
1896 3932 2032 4002 fieri
2079 3933 2374 4006 debuisse
2418 3932 2658 4020 γρήύος

409 4049 484 4110 ut
527 4042 762 4129 γένυος.
851 4041 1220 4124 Apollonius
1263 4041 1456 4122 igitur
1489 4035 1565 4103 'in
1609 4037 1855 4105 duobus
1897 4036 2117 4116 Iliadis
2141 4036 2312 4117 loom,
2358 4037 2467 4103 ubi
2488 4056 2658 4104 nunc

410 4166 488 4214 ex
509 4146 858 4213 Aristarchi
903 4145 1221 4211 sententia
1262 4135 1409 4210 οὗτε
1452 4143 1493 4207 1.
1514 4161 1597 4224 q,
1645 4136 1735 4220 ὡς
1763 4140 2089 4236 scribitur,
2132 4140 2437 4223 praetulit
2480 4132 2656 4226 ηὗτε,

411 4249 580 4334 quod
621 4249 929 4332 Didymus
975 4248 1059 4313 ad
1099 4246 1201 4313 III
1250 4247 1329 4313 10
1394 4245 1462 4312 111
1507 4244 1752 4311 duabus
1819 4242 2199 4309 editionibus
2241 4241 2513 4325 politicis
2532 4292 2540 4298 .
2557 4242 2654 4309 in·

413 4353 614 4422 veniri
655 4352 868 4434 tradit,
934 4351 1228 4435 idemque
1245 4376 1252 4382 ·
1270 4351 1696 4430 Buttmannus
1739 4347 2015 4422 Homero
2059 4345 2386 4430 vindicare
2422 4345 2652 4409 anniti·
