2946 4928
458 331 593 402 wa
701 378 731 393 κ
1221 327 1776 399 mssmzuno
1816 287 1960 397 'vu

458 497 533 563 11.
575 494 793 562 XXIV
838 493 966 560 388
1010 499 1275 561 accentu
1319 494 1655 576 distinguit
1693 492 2046 576 imperandi
2086 441 2385 558 modum:
2425 480 2501 556 ’τὸ
2544 490 2687 573 μέν·

456 624 559 667 τοι
606 598 1090 687 προστακτικὸν
1136 595 1269 686 πρὸ
1312 595 1617 676 τέλους”
1572 621 1702 680 εχει
1731 621 1846 682 την
1869 590 2089 676 οξειαν
2131 592 2246 661 Σὺ
2292 587 2351 659 ‹5‘
2398 586 2688 681 ὀληθὲς

462 700 812 781 ἐνίσπες·
858 701 969 768 καὶ
1015 702 1217 787 δῆλον
1263 697 1368 766 ὅτι
1393 698 1570 766 ὅπου
1611 699 1732 784 μὲν
1774 697 1989 784 τὸῇ’
1966 697 2099 765 εστὶ
2141 700 2259 785 τῆς
2302 696 2687 783 προθέσεως,
2801 718 2804 731 ·
2864 712 2865 721 κ

458 802 635 873 ὅπου
682 805 752 871 δὲ
793 810 913 871 τοῦ
951 799 1248 891 ῥήματος
1264 802 1356 886 ²).
1388 804 1484 869 Τὸ
1518 803 1744 887 μέντοι
1793 796 1949 869 ἄνευ
1991 803 2111 867 τοῦ
2146 832 2182 870 σ
2197 798 2693 925 προστακτικὸν

366 943 376 948 -
461 903 1045 993 προπαροξύνεται
1075 905 1498 994 Νημερτές
1537 931 1675 989 μοι
1722 903 2003 971 ἔνισπε
2050 896 2217 970 ποτ’
2268 897 2554 990 ᾤχετο,
2600 920 2691 968 eo-

460 1029 584 1093 que
611 1014 878 1076 accentu
904 1014 1006 1075 est
1046 1011 1112 1074 in
1139 1008 1369 1091 Sapph.
1393 1008 1538 1091 Frg.
1562 1007 1762 1089 XXX,
1785 1005 2012 1071 Aesch.
2039 1003 2254 1087 Suppl.
2279 1004 2405 1069 587
2431 1009 2494 1069 et
2518 1021 2692 1086 saepe

459 1114 527 1179 in
572 1106 745 1180 exifu
787 1128 1085 1177 versuum
1108 1112 1586 1177 Homericorum
1610 1103 1901 1177 certatim
1944 1127 2088 1173 cum
2109 1107 2487 1189 imperativo
2525 1125 2692 1190 prae-

463 1216 663 1282 sentis
705 1214 1042 1281 homotono
1090 1213 1349 1291 ἔνισπε,
1421 1214 1501 1283 de
1550 1233 1674 1297 quo
1721 1231 1914 1295 supra
1958 1211 2197 1277 dictum
2263 1215 2381 1276 est.
2435 1248 2506 1275 -.-
2556 1210 2693 1275 Fre-

461 1318 758 1401 quentius
801 1321 870 1383 et
909 1317 976 1383 in
1043 1318 1212 1384 omni
1277 1335 1510 1400 genere
1575 1317 1826 1383 dicendi
1888 1315 2292 1396 reperiuntur
2355 1313 2698 1396 imperativi

460 1421 637 1488 tertii
678 1420 857 1486 v‘erbi
901 1419 1326 1503 κατάσχες.
1380 1417 1806 1504 μετάσχες,
1866 1417 2312 1504 παράσχες,
2359 1412 2698 1499 ὑπόσχες

464 1529 531 1591 et
571 1542 726 1607 prae
771 1524 1002 1590 ceteris
1046 1519 1398 1605 ἐπίσχες.
1492 1521 1726 1601 ὃεᾱῄιι
1767 1522 1868 1587 his
1911 1521 2155 1587 librarii
2195 1520 2541 1603 plurimum
2582 1520 2696 1585 dis-

463 1628 744 1708 cordant,
787 1627 1061 1708 primum
1105 1627 1172 1691 in
1216 1630 1497 1707 accentu,
1542 1626 1729 1691 modo
1776 1622 2077 1712 πάρασχε
2122 1624 2494 1705 scribente8‚
2545 1623 2699 1706 quod

464 1750 681 1798 omnes
724 1734 1084 1797 tenuerunt.
1109 1730 1261 1796 Eur.
1306 1729 1461 1796 Hec.
1507 1730 1664 1810 821,
1723 1728 1908 1794 modo
1957 1725 2289 1813 παράσχε,
2343 1726 2517 1809 quod
2558 1744 2697 1792 non·

466 1831 625 1898 nulli
668 1832 977 1915 praebent
1017 1833 1242 1899 Troad.
1287 1832 1371 1896 82
1418 1833 1621 1914 sigma
1665 1836 1883 1896 contra
1925 1829 2264 1912 metrum*)
2309 1831 2564 1911 omisso,
2605 1829 2701 1894 alii

461 1936 1040 2018 proparoxytonon;
1083 1933 1387 2022 πάρασχε
1433 1941 1501 1999 et
1544 1930 1829 2016 κάτασχε
1851 1933 2184 2015 aliquoties
2208 1933 2378 2014 apud
2404 1932 2700 1999 Achillem

466 2038 622 2119 Tat.‚
668 2057 726 2104 v.
749 2038 999 2105 Jacobs.
1043 2057 1104 2120 p.
1153 2037 1296 2118 730,
1343 2037 1457 2103 sed
1501 2037 1566 2101 in
1588 2036 1749 2101 Plat.
1772 2035 2025 2117 Protag.
2072 2034 2199 2100 348
2243 2035 2337 2115 A„
2383 2026 2575 2119 quem
2615 2034 2696 2099 lo-

463 2157 608 2206 cum
648 2139 752 2206 hic
796 2139 1009 2222 affert,
1074 2158 1242 2205 nunc
1308 2159 1344 2205 e
1387 2139 1708 2207 codicibus
1752 2138 2133 2220 rescriptum
2189 2142 2289 2203 est
2358 2136 2698 2227 παράσχες.

472 2242 831 2325 Tripliciter
887 2244 1137 2309 variant
1178 2243 1439 2309 Aristid.
1498 2241 1606 2308 Or.
1649 2241 1738 2308 LI
1782 2239 1910 2306 418
1976 2238 2311 2327 πάρασχε,
2381 2237 2697 2328 παράσχὲ,

468 2344 805 2434 παράσχες
846 2344 1172 2412 Dindorfio
1211 2347 1550 2429 probatum
1590 2365 1653 2428 p.
1700 2342 1825 2412 574
1870 2343 2045 2424 T.·11‚
2092 2347 2159 2408 et
2199 2342 2359 2408 haec
2403 2342 2703 2425 scriptura

464 2449 559 2517 ita
600 2450 818 2517 multis
862 2450 1164 2532 exemplis
1206 2454 1444 2516 testata
1467 2453 1586 2530 est,
1632 2453 1706 2515 ut
1726 2445 2084 2515 Brunckius
2130 2446 2211 2513 ad
2232 2445 2383 2513 Eur.
2410 2445 2564 2512 Hec.
2587 2440 2695 2509 821

468 2557 536 2625 et
576 2552 887 2618 Matthiae
932 2553 1016 2633 ad
1058 2553 1245 2619 Herc.
1286 2553 1451 2622 1182
1497 2551 1725 2637 (1211)
1774 2547 2076 2637 πάρασχε
2121 2551 2254 2615 sive
2302 2548 2605 2634 παράσχε
2644 2551 2703 2612 et

468 2656 761 2722 similiter
804 2654 1041 2737 scripta
1082 2673 1198 2737 pro
1240 2655 1532 2721 barbaris
1574 2654 1869 2720 habeant.
1956 2653 2360 2718 Hermannus
2418 2671 2575 2719 vero
2630 2650 2701 2715 ad

468 2759 619 2824 Hec.
640 2745 704 2825 Δ1.
748 2777 800 2825 c.
844 2758 1123 2826 Porsono
1168 2756 1552 2840 suffragatus
1596 2753 1919 2843 πάρασχε,
1981 2757 2049 2821 in
2081 2741 2230 2837 ‘quo
2274 2771 2493 2821 omnes
2538 2753 2700 2820 codd.

468 2862 829 2943 conspirant
841 2873 862 2941 ,’
923 2865 1061 2926 tum
1105 2860 1430 2942 analogiae
1495 2860 1733 2942 regulis
1779 2857 2032 2925 defendi
2077 2857 2254 2938 dicit,
2320 2863 2462 2923 tum
2527 2856 2703 2923 simili

468 2958 756 3044 κάτασχε
798 2962 865 3027 in
907 2963 1092 3028 Herc.
1137 2964 1178 3028 l.
1223 2981 1273 3029 c.
1372 2963 1580 3029 Huius
1646 2963 1900 3045 quidem
1962 2962 2085 3027 loci
2148 2961 2466 3043 scriptura
2528 2945 2701 3025 nimis

468 3069 664 3147 quam
702 3065 946 3130 incerta
990 3070 1105 3131 est.
1141 3070 1156 3096 ²
1196 3067 1507 3148 Analogia
1560 3084 1871 3149 quaenam
1924 3065 2028 3130 hic
2072 3053 2427 3128 intercedat
2482 3063 2701 3142 nescio,

466 3168 591 3234 nisi
632 3166 798 3233 forte
837 3173 1140 3250 putamus
1185 3168 1462 3235 Graecos
1507 3173 1786 3234 mentem
1831 3168 1914 3233 ad
1948 3166 2354 3249 imperativos
2377 3166 2703 3233 verborum
2815 3156 2820 3166 ’

465 3270 917 3353 barytonorum
960 3271 1268 3338 direxisse
1334 3276 1401 3338 et
1462 3272 1606 3338 ideo
1654 3268 1956 3357 πάρασχε
2014 3269 2247 3336 dixisse
2314 3273 2386 3333 ut
2442 3268 2700 3358 πάρεχε,

471 3367 759 3442 ἄπελθε.
851 3374 977 3440 Sed
1019 3375 1407 3457 probabilius
1475 3375 1543 3441 in
1584 3375 1818 3441 Anecd.
1861 3372 2119 3438 Bachm.
2166 3371 2234 3435 T.
2281 3370 2347 3435 H
2376 3411 2383 3416 -
2411 3387 2558 3437 cum
2599 3370 2705 3447 θές

469 3478 863 3559 componitur
908 3476 1057 3561 σχές
1099 3483 1423 3561 tamquam
1467 3478 1752 3558 eiusdem
1797 3467 2088 3561 syzygiae
2134 3492 2400 3557 cumque
2418 3474 2705 3557 syntheto

469 3578 715 3661 ἐπίθες
755 3582 910 3647 item
943 3576 1291 3662 κατάσχες,
1339 3578 1696 3667 παράσχες;
1762 3579 2132 3646 nominatim
2174 3567 2389 3643 autem
2431 3569 2717 3642 reiicitur-

471 3681 811 3772 παράσχε,
880 3682 1075 3767 squod
1141 3682 1197 3748 si
1263 3684 1373 3765 qui
1440 3678 1742 3770 πάρασχε
1796 3684 2212 3765 scripserunt,
2296 3679 2570 3746 fortasse
2633 3694 2737 3773 ex·

605 3904 663 3972 2)
697 3909 802 3961 Hic
840 3906 1062 3968 ἔνισπες
1095 3925 1204 3962 non
1216 3903 1485 3971 abi-istum,
1522 3908 1617 3961 sed
1631 3908 1991 3976 imperfectum
2008 3914 2223 3975 putasse
2241 3907 2449 3959 videtur
2463 3913 2527 3959 nt
2547 3892 2704 3958 schol.

472 3994 574 4050 od.
609 3995 736 4050 XIV
771 3993 873 4050 185
911 3998 1047 4056 σπές
1081 3993 1300 4056 ἐνίσπες
1333 3987 1409 4053 ὥς
1441 3997 1539 4054 θές
1589 3993 1798 4060 ἐπίθες,
1835 3996 1960 4064 σχές
1994 3991 2231 4062 ἐπίσχες·
2286 3991 2477 4046 ἔνισπε
2510 3990 2574 4044 δὲ
2597 3984 2702 4043 ἀπὸ

471 4081 568 4155 τοῦ
612 4067 821 4135 ἐνίσπω
877 4077 950 4141 ὥς
986 4077 1214 4147 ἐλαύνω,
1253 4082 1442 4150 quibus
1478 4080 1672 4133 simiha
1702 4079 1950 4149 leguntur
1990 4083 2046 4133 in
2079 4081 2183 4149 Epi
2165 4098 2255 4137 im.
2288 4079 2316 4132 Ι
2356 4076 2456 4133 128
2507 4084 2560 4130 et
2591 4075 2705 4133 EM.

471 4167 592 4224 3⁴3.
629 4165 664 4220 3
699 4184 818 4221 cum
861 4168 1223 4236 supplemento
1266 4168 1500 4236 parvulo
1545 4164 1606 4220 τὸ
1641 4162 2047 4239 προστακτικὸν
2083 4165 2274 4221 ἔνισπε
2311 4163 2607 4222 ἀκολουθεῖ
2635 4159 2701 4227 τῷ

397 4297 406 4304 ,
471 4248 560 4327 ὄρι
542 4253 744 4323 ιστικῷ.

589 4337 664 4408 *3)
699 4338 1062 4397 ἧίωύαπιῶιοίτ.
