2946 4928
853 314 972 382 DE
1014 312 1416 385 apocopa.
1508 313 1577 383 c.
1619 313 1696 383 v,
1741 317 1778 402 ἕ
1828 322 1883 383 1.
2354 317 2477 385 301

233 489 425 557 Eust.
492 496 560 557 et
598 497 751 559 vett.
797 493 975 560 editt.
1040 497 1176 561 sine
1232 498 1363 561 iota
1407 497 1711 578 scriptum
1759 499 1875 562 est.
1965 494 2249 562 Tertium
2292 496 2483 562 huius

232 592 482 675 figurae
527 599 629 660 est
668 597 925 685 χρυσέῳ
972 598 1219 665 δέπαι
1266 590 1451 688 ὄφρα
1499 596 1728 682 πίοιμι
1772 597 1889 665 Od.
1926 598 1985 665 X
2028 598 2154 664 316
2197 600 2264 663 in
2283 599 2481 681 Rom,

242 697 415 779 Arg,
462 697 675 779 Basil.‚
720 717 882 780 quae
925 700 991 764 in
1033 700 1317 782 margine
1363 695 1561 767 ὁέπα’·
1596 700 1792 766 habet
1833 719 1976 767 cum
2021 702 2400 784 apostropho
2444 721 2485 767 a

244 799 554 866 Barnesio
597 806 873 883 recepta.
943 789 1295 881 ·Quartum
1348 800 1552 894 γήρᾳ
1619 801 1755 870 ῧπο
1809 840 1880 849 -
1931 802 2048 869 Od.
2093 804 2313 870 XXIII
2340 804 2482 871 '283

238 902 307 966 in
332 901 526 968 Basil.
570 904 701 968 iota
724 903 1114 986 adscriptum
1155 905 1350 972 habet
1394 918 1538 972 cum
1564 907 1815 988 punctis
1849 906 2216 972 diacriticis:
2264 904 2482 994 γήραϊ,

243 1005 313 1069 111
357 1005 507 1096 Arg.
554 1006 1008 1089 subscriptum,
1071 1009 1184 1074 sed
1227 1027 1370 1074 cum
1414 1009 1819 1075 adnotatione
1865 1036 1962 1097 γρ.
2008 1013 2205 1099 γῆρᾳι
2225 1062 2242 1092 ,
2311 1016 2377 1075 et
2417 1011 2485 1076 id

242 1110 861 1191 properispomenon,
918 1129 997 1175 ne
1039 1129 1156 1192 pro
1202 1107 1369 1200 γήρᾳ
1411 1096 1692 1192 positum
1735 1113 2134 1195 accipiamus,
2220 1111 2485 1178 Wolfius

243 1212 432 1300 σέλᾳ,
478 1213 640 1301 κέρᾳ
683 1213 897 1294 edidit,
943 1213 1188 1279 duobus
1211 1214 1430 1280 alteris
1454 1215 1907 1297 apostrophum
1927 1216 2228 1298 largitus:
2263 1213 2484 1296 δέπα’,

247 1311 461 1399 yrjpa’.
549 1315 881 1381 Bekkerus
923 1335 1073 1382 vero
1118 1317 1284 1382 sicut
1307 1317 1712 1383 Thierschius
1748 1319 1951 1400 suasit
1981 1320 2191 1384 omnia
2213 1324 2485 1401 quatuor

243 1435 374 1481 uno
418 1418 640 1483 eodem
683 1419 897 1484 modo:
945 1416 1178 1506 γήραι,
1240 1419 1469 1500 δέπαι,
1518 1421 1736 1499 σέλαι,
1781 1423 1983 1509 κέραι.
2074 1422 2194 1486 His
2241 1421 2487 1493 accedit

247 1543 351 1604 οφ
366 1520 399 1586 έ
412 1522 447 1584 λ
460 1546 503 1609 ᾳ
545 1520 807 1586 Nicand.
893 1521 1030 1587 Iam
1074 1523 1206 1587 iota
1249 1523 1447 1588 dativi
1488 1512 2069 1597 characteristicum
2114 1543 2256 1589 cum
2298 1542 2484 1589 voca-

179 1663 196 1673 »
236 1622 408 1688 libus
471 1623 768 1689 brevibus
832 1624 899 1689 in
965 1625 1424 1708 diphthongum
1481 1626 1768 1692 contrahi
1798 1644 1811 1655 “
1841 1627 2191 1708 propriam:
2263 1626 2483 1708 τείχει,

247 1721 443 1806 αἰδοῖ,
486 1726 653 1791 inter
696 1745 912 1792 omnes
935 1728 1252 1807 convenit3
1296 1728 1409 1793 sed
1433 1729 1777 1810 quaeritur,
1820 1748 1973 1795 num
1996 1729 2260 1794 eandem
2280 1730 2487 1810 legem

218 1834 600 1910 'sequantur
643 1829 966 1911 ancipiteS,
1011 1829 1120 1895 ubi
1165 1830 1351 1895 unius
1396 1835 1548 1896 sunt
1589 1833 1911 1913 temporis
1945 1832 2128 1902 Cum
2156 1833 2287 1897 iota
2307 1830 2487 1896 brevi

244 1931 381 1996 iota
422 1929 610 1997 finale
655 1931 717 1997 111
766 1931 1073 2014 syllabam
1113 1933 1367 2014 longam
1410 1934 1567 2005 coit:
1610 1931 1794 2019 μήτι,
1839 1935 2042 2017 ypsilo
2084 1934 2262 1999 brevi
2292 1951 2486 2015 quum

247 2032 563 2100 subscribi
584 2052 710 2099 non
730 2035 949 2117 possit,
997 2035 1406 2101 adscribitur:
1456 2035 1646 2116 νέκυι,
1697 2037 1976 2123 πληθυῖ,
2023 2033 2175 2116 iffi,
2219 2032 2482 2124 θρήνυι,

247 2154 414 2218 quae
480 2136 536 2201 si
601 2137 888 2218 exempla
952 2138 1303 2219 sequimur,
1372 2138 1564 2206 σέλαι
1612 2138 1959 2204 scribamus
2004 2143 2270 2220 oportet.
2360 2136 2485 2203 Sed

245 2237 407 2304 haec
449 2236 730 2321 perfecta
774 2238 1064 2321 analogia
1105 2258 1230 2304 non
1275 2244 1392 2305 est.
1481 2241 1601 2322 Illi,
1648 2242 1756 2323 qui
1800 2243 1952 2307 σέλα
1978 2241 2384 2321 scripserunt,
2429 2238 2487 2304 si

247 2341 441 2422 alpha
480 2345 712 2407 natura
752 2338 945 2408 breve
992 2342 1250 2423 solaque
1305 2342 1432 2406 arsi
1491 2343 1826 2424 aliquando
1881 2343 2256 2425 productum
2299 2346 2484 2424 puta-

246 2449 416 2525 runt,
463 2460 779 2527 apocopae
804 2445 1047 2511 assensi
1070 2449 1247 2525 sunt3
1295 2445 1351 2510 si
1392 2442 1669 2527 longum‚'
1714 2445 2101 2528 diphthongo
2146 2446 2396 2513 debitae
2426 2449 2485 2535 ’ᾇ

249 2547 718 2613 substituerunt
760 2546 953 2629 alpha
997 2547 1263 2628 simplex
1286 2546 1610 2613 subtracto
1633 2549 1765 2615 iota
1784 2549 2114 2615 inaudibili
2140 2587 2211 2607 .—
2243 2551 2485 2616 πολλοὶ

249 2649 376 2737 γὰρ
418 2650 620 2736 χωρὶς
665 2654 782 2715 τοῦ
827 2654 880 2718 ἰ’
928 2645 1265 2737 γράφουσι
1309 2649 1429 2728 τὰς
1475 2651 1835 2731 δοτικάς-
1888 2671 2076 2735 quem
2122 2652 2205 2718 ad
2245 2671 2487 2717 morem

248 2755 393 2839 γένυ
434 2753 503 2818 111
544 2754 724 2819 libris
767 2750 1146 2835 quibusdam
1188 2751 1446 2817 Pindari
1492 2754 1795 2835 scriptum
1839 2760 1955 2836 est„
1999 2775 2056 2821 v.
2100 2750 2485 2820 Parall.'143

248 2856 393 2922 adn.
429 2857 501 2940 ²).
611 2855 1038 2922 Contractioni
1102 2854 1467 2921 Nitzschius
1539 2859 1622 2923 ad
1667 2857 1783 2923 Od.
1831 2857 1923 2922 XI
1973 2856 2094 2925 136
2162 2859 2487 2924 elisionem
2560 2915 2566 2922 .

386 3096 446 3164 2)
480 3097 680 3165 Πληθῢ
715 3098 1020 3151 Hermanno
1071 3101 1348 3167 probatum
1391 3101 1604 3152 minime
1650 3073 1987 3152 confirmatur
2038 3116 2073 3152 a
2107 3102 2479 3168 grammaticis,

249 3186 344 3253 qui
379 3185 638 3248 ἐκδυῖμεν
672 3191 726 3238 et
759 3186 950 3237 similia
984 3187 1228 3238 reiiciunt
1262 3182 1329 3255 [v.
1351 3203 1406 3252 p.
1424 3183 1495 3236 22
1523 3184 1669 3254 sqqn]

390 3271 535 3326 Aam
593 3267 790 3342 ,ἢκὴραι
840 3290 949 3325 υπο
994 3273 1039 3322 λ
1027 3273 1208 3344 παρῴ
1246 3273 1348 3327 od.
1382 3272 1451 3322 Xl
1490 3268 1591 3325 136
1643 3279 1696 3324 et
1728 3272 1886 3324 XXIII
1919 3268 2024 3325 283
2073 3270 2259 3323 iisdem
2310 3272 2488 3323 verbis

246 3358 440 3422 Bekk„
473 3360 580 3414 od.
614 3360 665 3411 X
699 3351 803 3412 316
838 3357 1010 3412 δέπαϊ
1043 3357 1230 3425 [schol-J
1268 3356 1330 3412 ἔν
1361 3352 1512 3425 αλλῳ
1546 3353 1714 3428 γήραΐ
1746 3353 1858 3410 vno
1894 3358 2036 3421 λιπ,
2073 3356 2224 3411 Pers.
2260 3357 2486 3411 amende

249 3443 314 3499 ἔν
364 3438 513 3513 ἄλλῳ
566 3443 714 3498 δέπα
768 3441 843 3505 ὥς
893 3442 1050 3514 γήρα’
1111 3440 1221 3497 ὕπο
1262 3446 1312 3496 λι
1319 3462 1377 3499 π.
1464 3446 1659 3498 Buttm.
1696 3444 1973 3509 utrobique
2009 3440 2181 3510 δέπᾳ,
2234 3436 2378 3511 γήρᾳ
2429 3448 2499 3494 111-

195 3541 198 3544 ·
249 3529 439 3598 [inmo.-
482 3546 631 3604 quem
677 3530 811 3583 enim
852 3531 1067 3583 scribere
1114 3527 1224 3595 —31
1278 3529 1340 3582 ἐν
1384 3524 1529 3581 σάκε’
1564 3523 1896 3597 Ἀντιλόχοιο
1930 3528 1994 3596 11.
2029 3527 2139 3580 Xlll
2172 3524 2296 3592 565,
2332 3524 2484 3597 τείχε

248 3613 361 3671 ὕπο
380 3618 518 3670 XVII
538 3615 659 3670 404.
697 3612 864 3688 Γήραι
894 3623 990 3670 etc.
1030 3585 1227 3670 Mehlh.
1253 3612 1321 3669 89
1358 3631 1437 3681 sq.
1476 3610 1615 3673 Λαΐς
1649 3608 1750 3682 δᾴς
1782 3615 1977 3669 Buttm.
2011 3631 2063 3681 p.
2086 3613 2202 3668 105.
2241 3632 2298 3665 αι
2330 3615 2491 3667 breve

247 3709 373 3756 ante
407 3703 646 3756 vocales:
699 3701 864 3771 δέπᾳ,
902 3694 1055 3771 ὄφρα
1090 3705 1275 3766 πίοιμι
1311 3700 1413 3755 Od.
1449 3700 1500 3750 X
1535 3694 1638 3752 316
1671 3699 1856 3765 Dind„
1894 3698 2061 3753 δέπαι
2098 3696 2287 3755 Belua·
2247 3719 2288 3765 ,3
2344 3696 2490 3769 γήρᾳ

252 3784 362 3842 ῧπο
398 3790 516 3843 λιπ.
550 3788 619 3841 xl
654 3784 757 3842 136
788 3780 1180 3858 Dindfryvipm·
1201 3787 1397 3852 Bekk.;
1430 3780 1597 3856 γήραϊ
1577 3782 1696 3851 ι”δὴ
1723 3786 1989 3855 πολέμοιο
2024 3786 2084 3840 11.
2105 3787 2165 3838 111
2196 3784 2298 3840 150
2329 3786 2492 3843 Dind.

248 3876 497 3931 etBekk.
522 3868 746 3947 [γήραι],
780 3868 949 3946 γήραΐ
962 3869 1238 3946 γράφεται
1257 3874 1349 3924 καὶ
1364 3866 1524 3941 γήρεὶ·
1550 3865 1624 3930 ὥς
1649 3864 1831 3924 οὔδεϊ·
1869 3870 2098 3933 ἐντελῶς
2117 3871 2181 3928 δὲ
2207 3870 2268 3926 τὸ
2302 3868 2490 3945 γήραϊ·

248 3957 580 4019 ἇσυνάπτως
613 3956 1044 4030 [ἀσυναλείπτως
1082 3957 1290 4028 Pluw]
1346 3954 1406 4010 τὸ
1449 3952 1620 4028 γήραϊ
1660 3955 2068 4027 ἀναγνωστέον.
2136 3961 2285 4030 Σίλᾳ
2320 3955 2492 4028 πυρὸς

244 4050 363 4118 αζθ.
421 4049 485 4101 11.
517 4046 628 4102 VIII
660 4043 764 4101 563
798 4046 974 4111 Dina„
1010 4047 1105 4098 sed
1140 4042 1305 4100 Bekk.
1342 4045 1514 4097 σέλαὶ.
1561 4038 1732 4112 Γὴραι
1752 4045 1977 4097 Stesich.
2012 4045 2051 4097 II
2086 4044 2121 4098 5
2159 4043 2322 4114 [Ibyc-
2345 4046 2424 4098 II
2434 4042 2486 4111 4]

246 4130 441 4201 Bergk.
491 4150 587 4201 pro
622 4130 791 4202 γήραΐ
837 4149 957 4185 cum
991 4133 1229 4184 Huschk.
1267 4129 1343 4197 [in
1378 4131 1455 4183 ed.
1495 4130 1547 4193 Ι,
1580 4131 1639 4182 in
1675 4130 1754 4182 II
1779 4126 1965 4200 γήραϊ]
1986 4168 2000 4194 ,
2047 4128 2269 4202 ὀνείραϊ,
2308 4133 2489 4194 Quint.

250 4219 341 4270 XII
389 4216 488 4273 109
538 4222 696 4272 etiam
739 4218 998 4284 Koechly.
1042 4218 1224 4270 Herm.
1260 4218 1459 4285 Opusc.
1497 4217 1561 4271 Τ.
1595 4218 1657 4270 III
1691 4215 1763 4284 [p.
1802 4214 1887 4285 73]
1926 4218 2128 4269 confert
2161 4221 2324 4284 τείχει
2368 4229 2491 4267 cum

249 4299 436 4373 γήραι.
469 4306 668 4361 Herod.
700 4306 760 4358 11.
795 4306 868 4358 XI
901 4303 1005 4360 385
1058 4303 1200 4364 τινὲς
1238 4295 1374 4377 κέρᾳ
1417 4303 1605 4377 δοτικῇ
1659 4298 1733 4362 ὥς
1778 4302 1924 4373 δέπᾳ
1968 4305 2063 4356 καὶ
2104 4297 2278 4373 γήρᾳ,
2332 4292 2490 4353 ἄλλοι
