2946 4928
639 299 755 365 ΒΕ
798 299 1593 370 Pnosonnmnsno.
1676 303 1751 371 P.
1771 302 1888 370 111.
1935 302 2002 370 c.
2024 278 2075 371 1.
2121 305 2175 391 g,
2199 306 2258 371 2.
2410 305 2541 373 227

285 461 777 529 auctoritatibus
819 467 1155 547 perpendit
1178 464 1599 533 Schneiderus
1644 467 1728 534 ad
1750 465 1879 533 Oiv.
1903 467 1973 533 Τ.
1995 466 2029 532 1
2063 467 2189 533 222
2207 467 2284 551 ¹)‚.
2321 467 2546 534 Xeno-'

284 567 569 648 phontea
609 566 1089 643 Bornemannus
1134 570 1351 635 attulit
1425 570 1509 635 ad
1552 569 1752 636 Anah.
1797 570 1831 636 1
1873 569 1932 635 4.
1984 570 2091 651 18,
2157 571 2383 654 hisque
2427 572 2469 638 J
2469 591 2536 637 a·

286 669 541 735 cobsius
585 674 802 735 tuetur
845 668 1278 759 ἕπιλήπτσισι
1323 674 1567 739 Aelian.
1611 674 1691 754 H.
1738 674 2007 740 Animm.
2052 673 2152 739 III
2200 673 2296 749 19.
2342 674 2422 741 31
2474 679 2540 741 et

288 770 558 837 Siebelis
605 779 777 840 τοῖσι
825 773 1095 854 ναύταις
1137 777 1322 841 Paus.
1369 776 1430 841 X
1473 776 1575 842 25.
1622 777 1690 856 2,
1739 777 1854 842 sed
1897 777 2139 842 cautior
2179 777 2538 846 Ellendtius

162 931 166 934 ,
231 926 238 930 .
290 876 536 943 Arrian.
581 878 615 941 Ι
663 878 759 943 18.
807 878 850 943 3
894 875 1226 945 ἑκάστοισι
1296 898 1373 944 ex
1435 897 1562 944 uno
1623 878 1791 944 Flor.
1858 880 2140 961 recipere
2206 881 2535 962 dubitavit,
2647 899 2651 904 ·

294 980 444 1060 quia
471 982 674 1065 plura
718 980 904 1045 huius
927 980 1193 1066 formae
1236 982 1523 1067 exempla
1569 979 1750 1065 apud
1789 980 2143 1046 Arrianum
2195 1003 2319 1045 non
2362 1004 2536 1067 repe-

290 1082 573 1165 mantuo-,-
616 1103 731 1165 pro
778 1085 1054 1172 ταύτῃσι
1097 1084 1344 1150 Heliod.
1390 1084 1449 1151 V
1494 1085 1552 1150 2.
1604 1083 1725 1151 175
1772 1083 2007 1151 Coraes
2050 1085 2382 1152 substituit
2425 1087 2533 1152 de-

286 1187 771 1252 monstrativum
816 1185 1140 1268 ταυταισί,
1164 1204 1349 1269 ‘quae
1394 1205 1629 1269 genera
1672 1187 2138 1254 confunduntur
2180 1190 2245 1254 in
2277 1188 2534 1272 Lucian

288 1288 611 1374 Timon.·§
659 1290 742 1355 32
786 1310 846 1372 p.
894 1289 997 1369 58,
1028 1283 1301 1369 ’Ἀλεξις
1347 1289 1414 1356 ἐν
1450 1285 1784 1376 Ἐρίθοισι
1828 1292 2055 1357 Athen.
2100 1291 2201 1356 III
2245 1291 2328 1358 96
2373 1292 2430 1358 A
2474 1299 2551 1374 (²313⁴

283 1391 499 1472 paullo
570 1397 717 1457 a'nte
747 1448 751 1452 .
783 1413 842 1475 p.
887 1390 970 1456 89
1029 1392 1082 1456 F
1150 1391 1219 1459 ἐν
1284 1397 1423 1469 τοῖς
1491 1392 1761 1472 λείοισι,
1827 1395 1941 1460 sed
2006 1396 2073 1459 in
2139 1395 2400 1474 Arist-ot.
2457 1396 2536 1460 H.

286 1495 559 1560 Animm.
604 1496 663 1560 V
713 1494 790 1560 16
835 1514 896 1576 p.
941 1494 1069 1560 548
1115 1514 1154 1559 a
1199 1496 1257 1575 2,
1301 1495 1472 1561 unde
1515 1496 1626 1561 illa
1656 1497 1851 1563 verba
1874 1502 2172 1578 excerpta
2202 1503 2368 1578 sunt,
2413 1517 2538 1564 uno

284 1597 472 1663 modo
518 1595 725 1675 λείοις
770 1598 1066 1664 scribitur
1109 1598 1300 1679 idque
1346 1599 1538 1664 etiam
1584 1600 1892 1665 editiones
1941 1604 2189 1665 veteres
2223 1600 2536 1666 Athenaei

283 1701 616 1786 praebent.
699 1701 819 1766 His
866 1700 1153 1766 omnibus
1199 1701 1583 1783 ostenditur,
1628 1701 1744 1767 hos
1787 1700 2116 1768 inferiores
2162 1702 2392 1768 dativis
2436 1702 2537 1769 Io·

283 1804 442 1868 nicis
487 1805 695 1869 rarius
738 1823 887 1869 usos
932 1822 1074 1868 esse
1097 1822 1287 1892 quam
1310 1803 1555 1870 Atticos
1601 1810 1667 1870 et
1690 1822 1832 1870 cum
1861 1805 2102 1870 minore
2134 1804 2536 1871 librariorum

286 1901 554 1972 assensu
599 1912 665 1971 et
705 1907 1037 1972 nonnullos
1084 1908 1281 1972 semel
1322 1908 1388 1972 in
1412 1908 1635 1973 eodem
1656 1926 1851 1990 opere
1883 1909 2067 1990 quasi
2088 1908 2536 1990 periclitantes,

285 2009 587 2075 Ceterum
650 2011 783 2075 iota
834 2009 992 2075 illud
1057 2029 1181 2076 non
1226 2010 1618 2076 extrinsecus
1665 2012 2007 2091 adiectum,
2051 2012 2191 2095 „sed
2256 2013 2537 2078 vocalem

286 2113 578 2184 cliticam„
605 2132 755 2179 esse
799 2113 1029 2179 dativis
1084 2113 1361 2179 omnium
1406 2114 1896 2181 declinationum
1963 2116 2220 2200 proprie
2266 2116 2535 2181 attribu-

282 2221 433 2298 tam,
476 2235 644 2282 nunc
686 2236 803 2298 pro
847 2221 1018 2281 certo
1065 2216 1351 2281 sumitur.

458 2319 676 2385 Simile
720 2310 820 2385 est
864 2320 1031 2408 quod
1073 2319 1216 2384 EM.
1265 2316 1411 2385 638.
1458 2316 1542 2384 44
1587 2319 1667 2384 de
1696 2319 2010 2400 particula
2031 2321 2327 2402 negativa
2345 2340 2532 2404 prae-

254 2422 484 2489 dicat:
533 2424 607 2490 τό
657 2418 840 2506 οὐχί
882 2420 1021 2489 κατ’
1073 2420 1338 2488 ἔκτασίν
1381 2422 1520 2490 ἔστι
1563 2426 1680 2511 τῆς
1713 2423 1778 2510 ᾗ
1821 2424 2157 2512 συλλαβῆς
2200 2422 2271 2491 ἐκ
2306 2428 2423 2512 τῆς
2455 2422 2546 2493 οὐ·

282 2522 619 2614 ἀρνήσεως
662 2521 707 2612 ἢ
750 2528 919 2592 κατὰ
967 2523 1406 2610 πλεονασμόν.
1465 2527 1540 2592 τὸ
1589 2528 1663 2593 δὲ
1709 2521 1859 2593 οὖκί
1903 2525 2072 2592 κατὰ
2117 2527 2534 2611 πλεονασμὸν

278 2624 518 2712 μόνον,
589 2624 726 2694 ἀλλ’
776 2626 864 2696 οὗ
897 2625 1033 2695 κατ’
1084 2628 1457 2696 ἐπέκτασιν·
1528 2625 1598 2694 αἱ
1652 2627 1776 2715 γὰρ
1822 2624 2209 2706 &nendo-etc,-
2262 2629 2375 2698 διὰ
2419 2633 2545 2697 oa·-

281 2731 456 2800 σέων
501 2729 817 2817 γίνονται,
885 2733 1005 2809 hoo
1062 2738 1162 2798 est
1217 2731 1326 2798 διὰ
1382 2736 1496 2797 τοῦ
1540 2735 1610 2818 ᾧ
1654 2726 1699 2819 ἢ
1733 2733 1798 2818 Ξῖ
1841 2726 1886 2817 ἢ
1930 2734 1991 2800 32
2044 2730 2219 2797 velut
2275 2731 2531 2823 ἔννηφι,
2640 2753 2651 2759 ’

279 2837 472 2917 ναίχι,
521 2839 698 2902 κεῖθι
742 2834 946 2918 Epim.
990 2834 1040 2899 I.
1073 2834 1229 2901 302.
1281 2834 1377 2901 10.
1422 2835 1669 2916 Hisque
1700 2834 1808 2899 ille
1831 2833 2086 2900 subiicit
2111 2829 2222 2901 οὗί
2244 2835 2358 2902 καὶ
2383 2832 2535 2919 οὐχί

281 2934 588 3019 καὶ“οὖκι’,
634 2957 901 3020 quorum
943 2939 1009 3003 id
1054 2938 1223 3020 quod
1244 2937 1452 3003 medio
1484 2937 1619 3003 loco
1641 2937 2041 3003 interiectum
2076 2940 2177 3002 est
2200 2944 2314 3006 aut
2335 2939 2533 3006 deleri

277 3046 534 3121 oportet
573 3046 646 3106 ut
689 3061 729 3105 a
772 3042 1087 3108 sententia
1129 3041 1307 3122 prius
1350 3040 1676 3122 proposita
1699 3039 1972 3106 alienum
2015 3044 2129 3105 aut
2151 3040 2230 3106 ab
2254 3042 2377 3108 alio
2401 3062 2526 3125 quo

187 3154 193 3159 ’
283 3143 650 3210 scholarcho
671 3144 1023 3226 profectum
1045 3150 1161 3225 est,
1187 3145 1295 3227 qui
1315 3163 1440 3210 non
1464 3143 1668 3209 solum
1703 3139 1866 3224 οὐκί,
1891 3143 2006 3209 sed
2030 3144 2224 3209 etiam
2246 3141 2396 3227 οὐχί
2415 3165 2532 3227 per

281 3245 714 3326 pleonasmum
742 3252 963 3313 natum
983 3243 1257 3327 putar'et.
1302 3246 1399 3312 De
1421 3247 1541 3313 hoc
1562 3251 1787 3328 postea
1812 3243 2137 3327 exponam,
2178 3247 2290 3312 ubi
2311 3248 2526 3315 litera-

279 3369 423 3415 rum
442 3351 732 3416 binarum
753 3352 1141 3418 accessiones
1165 3350 1536 3416 examinabo
1561 3348 1742 3433 [Cap.
1765 3349 1832 3414 Π
1855 3350 1891 3437 ξ
1918 3349 1974 3429 7,
2001 3348 2076 3415 cf.
2099 3368 2160 3430 p.
2183 3349 2364 3435 218}
2406 3351 2530 3416 Pro

181 3485 192 3493 ·
278 3453 388 3519 illo
435 3449 561 3534 m'n',
607 3455 774 3534 quod
815 3473 1001 3519 nemo
1045 3455 1242 3521 oculis
1275 3454 1622 3536 usurpavit,
1667 3453 1969 3534 primitivi
2012 3452 2147 3517 loco
2170 3452 2530 3519 habendum
2662 3467 2677 3484 ⁸

280 3561 380 3622 est
403 3551 507 3632 οὗ,
546 3558 647 3622 cui
667 3574 861 3638 quum
882 3557 1116 3624 vocalis
1131 3558 1422 3639 proxime
1442 3556 1761 3636 imminet,.
1782 3555 2036 3621 additur
2061 3573 2335 3621 consona
2366 3557 2549 3623 nulli·

281 3660 470 3725 alteri
512 3678 841 3726 concessa:
892 3655 1033 3740 οὐκ,
1053 3666 1145 3727 'et
1190 3679 1312 3742 quo
1336 3661 1586 3742 gravior
1618 3658 1732 3724 fiat
1751 3658 2023 3740 negatio,
2068 3659 2320 3740 vocalis,
2367 3678 2530 3741 quae

281 3762 419 3829 iure
464 3764 857 3845 paragogicis
903 3763 1372 3830 adnumeratur.
1432 3762 1559 3828 Sed
1591 3761 1942 3843 analogiam
1986 3760 2212 3826 horum
2256 3765 2532 3828 omnium

278 3867 491 3933 dicere
535 3886 686 3932 non
703 3883 1058 3949 possumus,

452 3971 554 4038 Ab
573 3970 673 4037 his
698 3962 1146 4055 grammaticae
1169 3969 1539 4036 subtilitatis
1570 3966 1956 4050 praecipitiis
1987 3924 2425 4033 descendimus
2449 3970 2531 4034 ad

279 4046 440 4143 duas
483 4074 1149 4157 praepositiones,
1194 4091 1357 4155 quae
1401 4071 1480 4137 ob
1526 4088 1932 4183 communem
1958 4068 2354 4136 affectionem
2383 4088 2526 4135 con-

335 4360 338 4365 ,
425 4303 472 4366 Ι)
508 4303 698 4356 Allatis
731 4300 868 4353 adde
901 4302 1104 4368 Theag.
1145 4298 1240 4352 131
1277 4299 1326 4350 A
1362 4314 1422 4349 ευ
1391 4294 1517 4366 ὐιχα
1502 4300 1584 4350 ἴσί
1615 4313 1671 4349 τε
1710 4296 1802 4348 καὶ
1842 4300 1919 4347 θυ
1887 4299 2086 4429 vaningi.
