2946 4928
342 3360 350 3367 .
457 3306 524 3371 in
566 3326 827 3389 gramm.
874 3310 910 3394 ξ
958 3308 1039 3375 69
1083 3329 1144 3391 p.
1187 3308 1270 3375 97
1317 3329 1459 3376 eam
1504 3330 1543 3375 a
1583 3309 1766 3375 nobis
1833 3307 2062 3370 sentiri
2099 3308 2279 3389 dicit,
2344 3308 2460 3388 sed
2513 3306 2703 3372 huius

459 303 593 395 aso
894 307 1010 373 nn
1056 306 1782 389 omnoomnmn
1824 308 2224 379 GRAECAE

459 467 628 539 Item
668 469 741 536 Π.
783 469 877 541 IV
925 470 1048 541 122

550 587 697 656 ἕλκε
743 586 804 657 δ’
844 585 1020 672 ὁμοῦ
1065 587 1391 676 γλυφίδας
1431 616 1505 659 τε
1550 593 1774 675 λαβὼν
1816 592 1928 660 καὶ
1973 597 2215 680 νεῦρα
2257 592 2478 678 3601oe

550 690 821 778 νευρὴν
862 690 984 775 μὲν
1024 693 1216 781 μαζῷ
1264 694 1547 760 πέλασεν
1591 731 1699 760 -.

462 824 800 907 Euripides
841 827 909 894 in
951 847 1076 895 uno
1117 848 1308 898 versu
1349 829 1601 896 Heraol.
1644 828 1773 896 824

553 950 928 1033 πλευραῖς
972 945 1298 1035 ἔκρυπτον
1347 944 1658 1036 πλεύρ’·
1702 944 2082 1039 Ἀθηναίων
2128 948 2186 1020 δ’
2235 946 2405 1031 ἅναξ
2447 988 2583 1032 —‚

463 1084 628 1148 quae
670 1066 826 1133 mihi
867 1066 933 1131 in
975 1068 1346 1137 memoriam
1389 1076 1690 1137 revocant
1730 1070 1940 1138 Nonni
1984 1072 2321 1140 dictionem
2363 1073 2424 1138 X
2469 1071 2605 1138 365

551 1185 864 1272 πλευρὰ
910 1185 985 1253 δὲ
1032 1183 1385 1270 ὁοχμώσας
1432 1224 1511 1234 ·-·
1559 1185 1665 1257 ἐπ’
1715 1185 2091 1261 ἀντιπάλου
2131 1189 2307 1279 θόρε
2350 1189 2542 1276 νώτῳ

549 1286 746 1368 λοξὸς
788 1286 903 1356 ἐπὶ
951 1289 1431 1379 πλευρῇσιι).

461 1423 549 1490 Et
591 1425 683 1491 sic
725 1424 853 1491 alia
893 1424 1018 1492 VII
1058 1424 1187 1491 365

552 1595 629 1608 -
675 1560 846 1645 μετὰ
892 1562 1260 1652 λυσοαλέης
1285 1560 1642 1649 μινυώριον
1689 1561 1858 1633 υἱὸν
1894 1558 2195 1661 Ἀγαύης

550 1657 850 1751 ἄφθιτον
895 1656 1026 1731 υἷα
1079 1660 1307 1749 λόχευε
1356 1702 1428 1715 --

550 1762 725 1835 υἱέα
771 1767 1141 1858 κυσσαμένη
1184 1769 1470 1860 βροτέης
1508 1765 1844 1858 ἐπίληθον
1888 1763 2076 1856 ἀνίης
2119 1773 2239 1834 etc,

632 1904 876 1970 Horum
921 1905 1199 1971 omnium
1245 1907 1431 1973 ratio
1481 1908 1548 1973 in
1611 1911 1834 1988 aperto
1874 1911 2030 1986 ‘est3
2102 1908 2218 1972 sed
2270 1907 2341 1974 in
2380 1906 2709 1990 Aristoph.

457 2006 699 2073 EccleS.
724 2005 869 2086 658,
913 2007 1023 2072 ubi
1063 2009 1481 2091 interroganti
1523 2009 1773 2075 cuidam
1819 2012 1927 2075 τεῦ
1973 2010 2115 2095 γὰρ,
2162 2008 2392 2086 τάλαν,
2438 1996 2708 2076 οὕνεκ’

462 2107 759 2190 ἔσονταις
803 2110 1148 2189 respondet
1170 2112 1332 2177 alter
1358 2113 1623 2178 πολλῶν
1655 2109 1942 2185 ἕνεκεν,
1994 2115 2261 2197 πρῶτον
2287 2108 2345 2181 δ’
2382 2108 2534 2190 ἑνὸς
2602 2111 2715 2181 εἴ-

461 2236 643 2281 νεκα
690 2208 911 2298 δήπου
955 2212 1312 2279 Brunckius
1359 2214 1483 2280 sibi
1525 2219 1883 2296 temperare
1927 2233 2051 2287 non
2095 2216 2302 2295 potuit
2318 2264 2334 2295 ‚
2403 2215 2559 2296 quin
2608 2215 2710 2280 bis

462 2310 698 2383 οὕνεκα
744 2313 1052 2379 scriberet
1073 2322 1291 2381 contra
1312 2317 1559 2382 codices
1604 2322 1670 2382 et
1711 2315 2020 2398 probante
2043 2317 2310 2396 nemine,
2355 2317 2477 2391 etsi
2511 2335 2715 2385 causa

460 2415 900 2498 disparilitatis
941 2424 1253 2500 appareat
1294 2419 1487 2485 nulla.
1574 2418 1864 2502 Namque
1908 2418 2011 2485 hic
2052 2419 2207 2484 nihil
2248 2420 2386 2501 opis
2428 2418 2715 2487 afferunt

458 2520 787 2585 machinae
830 2520 999 2600 illae,
1043 2522 1269 2607 quibus
1327 2541 1529 2604 quum*
1560 2523 1667 2588 alii
1710 2527 1996 2589 veterum
2017 2523 2350 2605 indulgent
2390 2528 2529 2589 tum
2552 2522 2712 2592 Gel-

457 2622 582 2688 lius
625 2622 788 2688 XIII
835 2612 921 2689 20
964 2623 1105 2707 (21)
1135 2624 1381 2707 Virgilii
1427 2644 1651 2693 versus
1685 2625 1954 2691 adornat

545 2759 595 2826 T
608 2779 688 2824 re
706 2778 736 2825 s
782 2743 1032 2851 quodue
1078 2761 1397 2828 Threicios
1443 2763 1688 2829 Boreae
1734 2762 1814 2827 de
1857 2766 2047 2843 gente
2092 2778 2389 2842 suprema

545 2867 612 2927 et
655 2863 829 2943 triS,
874 2880 1032 2944 quos
1076 2863 1226 2929 Idas
1269 2869 1454 2946 pater
1497 2871 1565 2931 et
1603 2865 1815 2948 patria
1855 2864 2102 2930 Ismara
2143 2864 2357 2929 mittit.

637 2997 828 3063 Tres
876 2999 1031 3082 illic,
1083 3001 1307 3084 inquit,
1353 3002 1506 3070 tris
1550 3001 1650 3067 hic
1677 3001 1905 3088 posuit
1948 3023 2022 3064 ea
2062 2997 2296 3064 iudicii
2329 2999 2705 3084 subtilitate,
2860 2985 2869 3064 l

458 3111 528 3163 ut
571 3100 637 3163 si
671 3101 862 3167 aliter
916 3100 1161 3166 dixer&
1174 3151 1191 3183 ,
1259 3103 1497 3169 sentias
1562 3103 1934 3167 suavitatem
2002 3102 2246 3165 sonitus
2312 3101 2704 3167 claudicare.

460 3201 746 3279 Quanam
788 3204 855 3269 in
895 3225 967 3271 re
1010 3206 1170 3273 haee
1211 3208 1420 3288 posita
1466 3208 1552 3273 sit
1595 3206 1894 3287 suavitaS‚
1942 3201 2327 3285 dissimulat3
2380 3204 2704 3287 Reisigius

459 3427 683 3476 sensus
727 3430 953 3493 expers
999 3411 1219 3484 Cicero
1263 3411 1495 3475 Decem
1536 3423 1595 3476 et
1638 3409 1770 3474 tree'
1810 3410 2066 3492 scripsit
2110 3415 2177 3477 et
2240 3427 2460 3492 saepe,
2525 3414 2702 3491 puto,

460 3513 584 3579 alii.
673 3514 879 3581 Hodie
923 3516 987 3580 in
1011 3515 1260 3598 Virgilii
1303 3514 1444 3582 edd.
1491 3514 1778 3580 omnibus
1801 3519 2070 3595 utroque
2093 3513 2231 3578 loco
2273 3523 2401 3575 tres
2443 3511 2702 3594 legitur,

459 3620 527 3681 et
569 3621 740 3682 certe
785 3619 922 3686 soni
964 3618 1252 3686 mutandi
1286 3635 1480 3686 eausa
1521 3617 1625 3683 hie
1666 3616 1847 3682 nobis
1890 3616 2144 3702 quidem
2188 3616 2362 3679 nulla
2404 3619 2727 3704 apparetg

404 3733 412 3747 ¹
459 3718 575 3783 sed
600 3720 786 3788 ,idem
817 3719 1156 3787 fatendum
1200 3727 1302 3786 est
1344 3720 1423 3785 de
1468 3719 1611 3784 aliis
1654 3720 1836 3799 looiS,
1905 3737 2174 3800 quorum
2226 3719 2540 3800 scriptura
2582 3719 2701 3784 mi-

458 3820 626 3887 nime
659 3823 1020 3891 addubitari
1045 3828 1276 3906 potest.
1368 3822 1564 3890 Cuius
1594 3822 1844 3904 generis
1873 3821 1977 3887 hic
2020 3838 2214 3886 unum
2237 3821 2467 3888 addam
2490 3839 2702 3886 exem-

458 3921 635 4004 plum
679 3924 988 4007 adiectivi,
1033 3926 1201 4009 quod
1246 3943 1387 3992 oum
1417 3924 1751 3992 Homerico
1795 3924 1904 3990 illo
1950 3918 2280 4012 ἀσπάσιος
2308 3960 2377 3971 -
2400 3919 2524 4020 ,τός
2568 3942 2700 3989 ma-

610 4217 663 4285 l)
697 4212 795 4280 τὴν
830 4213 974 4286 ἑῴαν
1007 4216 1254 4288 πλευράν
1285 4219 1458 4274 Strab-
1491 4216 1553 4269 lll
1575 4214 1602 4270 l
1642 4218 1672 4280 ἓ
1710 4213 1760 4271 3.
1798 4213 1916 4283 137,
1955 4224 2007 4271 et
2040 4218 2276 4286 proxime
2308 4223 2430 4285 post
2463 4213 2522 4269 τὸ
2558 4215 2696 4285 ἑῷον

462 4301 702 4377 πλευρόν
738 4313 794 4359 et
826 4304 1089 4375 ἑσπέριον
1124 4300 1381 4375 πλευρόν,
1400 4310 1470 4373 ‘et
1502 4321 1662 4371 saepe
1695 4305 1845 4368 alibi,
1882 4303 1952 4357 Vl
1985 4301 2038 4357 2.
2075 4298 2196 4368 266,
2227 4303 2296 4355 lx
2328 4304 2381 4358 2
2412 4301 2536 4358 Ἧι.
