<?xml version="1.0" encoding="UTF-8"?>
<!DOCTYPE html PUBLIC "-//W3C//DTD XHTML 1.0 Transitional//EN"
    "http://www.w3.org/TR/xhtml1/DTD/xhtml1-transitional.dtd">
<html xmlns="http://www.w3.org/1999/xhtml" xml:lang="en" lang="en">
 <head>
  <title>
</title>
<meta http-equiv="Content-Type" content="text/html;charset=utf-8" />
  <meta name='ocr-system' content='tesseract 3.04.00' />
  <meta name='ocr-capabilities' content='ocr_page ocr_carea ocr_par ocr_line ocrx_word'/>
</head>
<body>
  <div class='ocr_page' id='page_1' title='image "./pathologiaegrae02lobegoog_0365.png"; bbox 0 0 2946 4928; ppageno 0'>
   <div class='ocr_carea' id='block_1_1' title="bbox 253 345 2655 606">
    <p class='ocr_par' dir='ltr' id='par_1_1' title="bbox 253 345 2655 606">
     <span class='ocr_line' id='line_1_1' title="bbox 945 345 2655 443; baseline 0.001 -20"><span class='ocrx_word' id='word_1_1' title='bbox 945 354 1594 425; x_wconf 74' lang='lat' dir='ltr'>mcoNSTAN&#39;rlA.</span> <span class='ocrx_word' id='word_1_2' title='bbox 1683 356 1720 443; x_wconf 68' lang='grc' dir='ltr'>ς</span> <span class='ocrx_word' id='word_1_3' title='bbox 1771 355 1824 423; x_wconf 84' lang='lat'>1.</span> <span class='ocrx_word' id='word_1_4' title='bbox 1968 410 1977 417; x_wconf 84' lang='lat'><strong>.</strong></span> <span class='ocrx_word' id='word_1_5' title='bbox 2167 398 2177 409; x_wconf 85' lang='lat'><strong>.</strong></span> <span class='ocrx_word' id='word_1_6' title='bbox 2381 354 2509 425; x_wconf 82' lang='grc'>343</span> <span class='ocrx_word' id='word_1_7' title='bbox 2644 345 2655 349; x_wconf 77' lang='grc'><strong>’</strong></span> 
     </span>
     <span class='ocr_line' id='line_1_2' title="bbox 253 482 2511 606; baseline 0 -21"><span class='ocrx_word' id='word_1_8' title='bbox 253 525 335 585; x_wconf 80' lang='lat' dir='ltr'>ut</span> <span class='ocrx_word' id='word_1_9' title='bbox 385 520 452 585; x_wconf 82' lang='lat' dir='ltr'>in</span> <span class='ocrx_word' id='word_1_10' title='bbox 495 518 819 586; x_wconf 59' lang='lat' dir='ltr'>nemean.</span> <span class='ocrx_word' id='word_1_11' title='bbox 866 519 1051 586; x_wconf 72' lang='lat' dir='ltr'>orn</span> <span class='ocrx_word' id='word_1_12' title='bbox 1094 522 1197 586; x_wconf 77' lang='lat'>22.</span> <span class='ocrx_word' id='word_1_13' title='bbox 1241 519 1285 585; x_wconf 84' lang='grc'><strong>4</strong></span> <span class='ocrx_word' id='word_1_14' title='bbox 1331 516 1370 605; x_wconf 78' lang='grc' dir='ltr'>ἡ</span> <span class='ocrx_word' id='word_1_15' title='bbox 1422 520 1854 606; x_wconf 64' lang='grc' dir='ltr'>Μακεδονικὴ</span> <span class='ocrx_word' id='word_1_16' title='bbox 1902 515 2179 601; x_wconf 61' lang='grc' dir='ltr'>δύναμίς</span> <span class='ocrx_word' id='word_1_17' title='bbox 2224 482 2365 588; x_wconf 64' lang='grc' dir='ltr'>ἐστὶ</span> <span class='ocrx_word' id='word_1_18' title='bbox 2407 545 2511 598; x_wconf 69' lang='grc' dir='ltr'>τις</span> 
     </span>
    </p>
   </div>
   <div class='ocr_carea' id='block_1_2' title="bbox 139 618 2509 713">
    <p class='ocr_par' dir='ltr' id='par_1_2' title="bbox 139 618 2509 713">
     <span class='ocr_line' id='line_1_3' title="bbox 139 618 2509 713; baseline 0.001 -28"><span class='ocrx_word' id='word_1_19' title='bbox 139 637 164 667; x_wconf 87' lang='grc'>·-</span> <span class='ocrx_word' id='word_1_20' title='bbox 259 618 347 688; x_wconf 75' lang='grc' dir='ltr'>οὗ</span> <span class='ocrx_word' id='word_1_21' title='bbox 399 618 645 713; x_wconf 69' lang='grc' dir='ltr'>σμικρά</span> <span class='ocrx_word' id='word_1_22' title='bbox 689 626 757 688; x_wconf 79' lang='lat' dir='ltr'>ct</span> <span class='ocrx_word' id='word_1_23' title='bbox 796 625 1014 705; x_wconf 82' lang='lat' dir='ltr'>paucis</span> <span class='ocrx_word' id='word_1_24' title='bbox 1057 624 1403 691; x_wconf 81' lang='lat' dir='ltr'>interiectis</span> <span class='ocrx_word' id='word_1_25' title='bbox 1448 644 1507 688; x_wconf 84' lang='lat' dir='ltr'>v.</span> <span class='ocrx_word' id='word_1_26' title='bbox 1559 623 1636 689; x_wconf 88' lang='lat'>10</span> <span class='ocrx_word' id='word_1_27' title='bbox 1696 620 1859 690; x_wconf 73' lang='grc' dir='ltr'>ὅποι</span> <span class='ocrx_word' id='word_1_28' title='bbox 1918 647 2017 700; x_wconf 82' lang='grc' dir='ltr'>τις</span> <span class='ocrx_word' id='word_1_29' title='bbox 2083 618 2165 687; x_wconf 65' lang='grc' dir='ltr'>ἂν</span> <span class='ocrx_word' id='word_1_30' title='bbox 2230 625 2509 710; x_wconf 75' lang='grc' dir='ltr'>προσθῇ</span> 
     </span>
    </p>
   </div>
   <div class='ocr_carea' id='block_1_3' title="bbox 187 720 2510 1118">
    <p class='ocr_par' dir='ltr' id='par_1_3' title="bbox 187 720 2510 1118">
     <span class='ocr_line' id='line_1_4' title="bbox 258 720 2509 811; baseline 0 -23"><span class='ocrx_word' id='word_1_31' title='bbox 258 720 393 790; x_wconf 64' lang='grc' dir='ltr'>κᾶν</span> <span class='ocrx_word' id='word_1_32' title='bbox 436 724 678 811; x_wconf 69' lang='grc' dir='ltr'>μικρὰν</span> <span class='ocrx_word' id='word_1_33' title='bbox 723 728 1026 808; x_wconf 70' lang='grc' dir='ltr'>δύναμιν,</span> <span class='ocrx_word' id='word_1_34' title='bbox 1098 744 1215 791; x_wconf 89' lang='lat' dir='ltr'>nec</span> <span class='ocrx_word' id='word_1_35' title='bbox 1257 726 1604 808; x_wconf 78' lang='lat' dir='ltr'>quidquam</span> <span class='ocrx_word' id='word_1_36' title='bbox 1648 727 1903 792; x_wconf 86' lang='lat' dir='ltr'>novavit</span> <span class='ocrx_word' id='word_1_37' title='bbox 1966 725 2327 804; x_wconf 82' lang='lat' dir='ltr'>Bekkerus3</span> <span class='ocrx_word' id='word_1_38' title='bbox 2394 725 2509 790; x_wconf 91' lang='lat' dir='ltr'>sed</span> 
     </span>
     <span class='ocr_line' id='line_1_5' title="bbox 257 826 2510 911; baseline -0.001 -19"><span class='ocrx_word' id='word_1_39' title='bbox 257 829 480 893; x_wconf 86' lang='lat' dir='ltr'>minus</span> <span class='ocrx_word' id='word_1_40' title='bbox 524 828 871 910; x_wconf 88' lang='lat' dir='ltr'>patientem</span> <span class='ocrx_word' id='word_1_41' title='bbox 917 846 987 892; x_wconf 87' lang='lat' dir='ltr'>se</span> <span class='ocrx_word' id='word_1_42' title='bbox 1028 827 1297 908; x_wconf 87' lang='lat' dir='ltr'>praebet</span> <span class='ocrx_word' id='word_1_43' title='bbox 1339 827 1718 911; x_wconf 74' lang='lat' dir='ltr'>Schaeferus</span> <span class='ocrx_word' id='word_1_44' title='bbox 1762 829 1923 910; x_wconf 86' lang='lat' dir='ltr'>App.</span> <span class='ocrx_word' id='word_1_45' title='bbox 1971 828 2039 892; x_wconf 90' lang='lat' dir='ltr'>T.</span> <span class='ocrx_word' id='word_1_46' title='bbox 2084 828 2117 892; x_wconf 96' lang='lat' dir='ltr'>I</span> <span class='ocrx_word' id='word_1_47' title='bbox 2161 826 2317 892; x_wconf 86' lang='lat'>253:</span> <span class='ocrx_word' id='word_1_48' title='bbox 2366 827 2510 911; x_wconf 69' lang='lat' dir='ltr'>quis</span> 
     </span>
     <span class='ocr_line' id='line_1_6' title="bbox 187 928 2509 1019; baseline 0.001 -30"><span class='ocrx_word' id='word_1_49' title='bbox 187 981 203 989; x_wconf 85' lang='grc'><em>,</em></span> <span class='ocrx_word' id='word_1_50' title='bbox 257 928 487 994; x_wconf 77' lang='lat' dir='ltr'>credat</span> <span class='ocrx_word' id='word_1_51' title='bbox 530 942 843 994; x_wconf 72' lang='lat' dir='ltr'>oratorem</span> <span class='ocrx_word' id='word_1_52' title='bbox 884 928 985 992; x_wconf 74' lang='lat' dir='ltr'>hic</span> <span class='ocrx_word' id='word_1_53' title='bbox 1028 930 1364 1014; x_wconf 58' lang='lat' dir='ltr'>scripsisse</span> <span class='ocrx_word' id='word_1_54' title='bbox 1404 930 1671 1019; x_wconf 75' lang='grc' dir='ltr'>μικράν,</span> <span class='ocrx_word' id='word_1_55' title='bbox 1739 931 1855 1014; x_wconf 79' lang='lat' dir='ltr'>qui</span> <span class='ocrx_word' id='word_1_56' title='bbox 1896 930 2124 1015; x_wconf 77' lang='lat' dir='ltr'>paullo</span> <span class='ocrx_word' id='word_1_57' title='bbox 2170 941 2311 992; x_wconf 79' lang='lat' dir='ltr'>ante</span> <span class='ocrx_word' id='word_1_58' title='bbox 2355 930 2509 991; x_wconf 74' lang='lat' dir='ltr'>scri-</span> 
     </span>
     <span class='ocr_line' id='line_1_7' title="bbox 239 1029 2510 1118; baseline -0 -22"><span class='ocrx_word' id='word_1_59' title='bbox 239 1033 469 1118; x_wconf 71' lang='lat' dir='ltr'>pserit</span> <span class='ocrx_word' id='word_1_60' title='bbox 514 1029 800 1117; x_wconf 64' lang='grc' dir='ltr'>σμικράῗ</span> <span class='ocrx_word' id='word_1_61' title='bbox 887 1031 980 1096; x_wconf 87' lang='lat' dir='ltr'>Ac</span> <span class='ocrx_word' id='word_1_62' title='bbox 1047 1031 1419 1098; x_wconf 85' lang='lat' dir='ltr'>Turicenses</span> <span class='ocrx_word' id='word_1_63' title='bbox 1486 1053 1733 1115; x_wconf 82' lang='lat' dir='ltr'>quoque</span> <span class='ocrx_word' id='word_1_64' title='bbox 1800 1034 2002 1114; x_wconf 84' lang='lat' dir='ltr'>sigma</span> <span class='ocrx_word' id='word_1_65' title='bbox 2066 1033 2130 1096; x_wconf 93' lang='lat' dir='ltr'>in</span> <span class='ocrx_word' id='word_1_66' title='bbox 2194 1031 2510 1096; x_wconf 85' lang='lat' dir='ltr'>nonnullis</span> 
     </span>
    </p>
   </div>
   <div class='ocr_carea' id='block_1_4' title="bbox 251 1134 2627 1223">
    <p class='ocr_par' dir='ltr' id='par_1_4' title="bbox 251 1134 2627 1223">
     <span class='ocr_line' id='line_1_8' title="bbox 251 1134 2627 1223; baseline -0.002 -22"><span class='ocrx_word' id='word_1_67' title='bbox 251 1136 444 1202; x_wconf 86' lang='lat' dir='ltr'>codd.</span> <span class='ocrx_word' id='word_1_68' title='bbox 490 1134 789 1201; x_wconf 85' lang='lat' dir='ltr'>omissum</span> <span class='ocrx_word' id='word_1_69' title='bbox 834 1135 1206 1200; x_wconf 79' lang='lat' dir='ltr'>deleverunt</span> <span class='ocrx_word' id='word_1_70' title='bbox 1224 1134 1546 1200; x_wconf 89' lang='lat' dir='ltr'>Bremium</span> <span class='ocrx_word' id='word_1_71' title='bbox 1595 1141 1666 1202; x_wconf 91' lang='lat' dir='ltr'>ut</span> <span class='ocrx_word' id='word_1_72' title='bbox 1708 1137 1958 1201; x_wconf 88' lang='lat' dir='ltr'>videtur</span> <span class='ocrx_word' id='word_1_73' title='bbox 1999 1139 2353 1215; x_wconf 76' lang='lat' dir='ltr'>sequenteS,</span> <span class='ocrx_word' id='word_1_74' title='bbox 2401 1134 2510 1216; x_wconf 89' lang='lat' dir='ltr'>qui</span> <span class='ocrx_word' id='word_1_75' title='bbox 2621 1208 2627 1223; x_wconf 37' lang='grc' dir='ltr'>Ι</span> 
     </span>
    </p>
   </div>
   <div class='ocr_carea' id='block_1_5' title="bbox 215 1235 2509 3989">
    <p class='ocr_par' dir='ltr' id='par_1_5' title="bbox 231 1235 2508 2344">
     <span class='ocr_line' id='line_1_9' title="bbox 254 1235 2508 1320; baseline -0.002 -16"><span class='ocrx_word' id='word_1_76' title='bbox 254 1239 427 1304; x_wconf 88' lang='lat' dir='ltr'>hanc</span> <span class='ocrx_word' id='word_1_77' title='bbox 472 1237 723 1304; x_wconf 80' lang='lat' dir='ltr'><strong>literam</strong></span> <span class='ocrx_word' id='word_1_78' title='bbox 767 1238 854 1303; x_wconf 74' lang='lat' dir='ltr'>ab‘</span> <span class='ocrx_word' id='word_1_79' title='bbox 881 1237 1237 1303; x_wconf 81' lang='lat' dir='ltr'>oratoribus</span> <span class='ocrx_word' id='word_1_80' title='bbox 1261 1237 1661 1318; x_wconf 86' lang='lat' dir='ltr'>abiudicavit,</span> <span class='ocrx_word' id='word_1_81' title='bbox 1705 1239 1996 1320; x_wconf 82' lang='lat' dir='ltr'>idemque</span> <span class='ocrx_word' id='word_1_82' title='bbox 2043 1237 2121 1301; x_wconf 93' lang='lat' dir='ltr'>de</span> <span class='ocrx_word' id='word_1_83' title='bbox 2146 1235 2508 1317; x_wconf 82' lang='lat' dir='ltr'><strong>Thucydide</strong></span> 
     </span>
     <span class='ocr_line' id='line_1_10' title="bbox 251 1338 2508 1422; baseline -0.002 -15"><span class='ocrx_word' id='word_1_84' title='bbox 251 1340 544 1407; x_wconf 86' lang='lat' dir='ltr'>affirmat</span> <span class='ocrx_word' id='word_1_85' title='bbox 583 1342 779 1422; x_wconf 90' lang='lat' dir='ltr'>Popp.</span> <span class='ocrx_word' id='word_1_86' title='bbox 824 1341 908 1405; x_wconf 90' lang='lat' dir='ltr'>ad</span> <span class='ocrx_word' id='word_1_87' title='bbox 952 1339 1143 1404; x_wconf 86' lang='lat' dir='ltr'>Thuo.</span> <span class='ocrx_word' id='word_1_88' title='bbox 1186 1339 1278 1404; x_wconf 91' lang='lat' dir='ltr'>IV</span> <span class='ocrx_word' id='word_1_89' title='bbox 1328 1339 1404 1404; x_wconf 89' lang='lat'>13</span> <span class='ocrx_word' id='word_1_90' title='bbox 1451 1341 1550 1406; x_wconf 90' lang='lat' dir='ltr'>ed.</span> <span class='ocrx_word' id='word_1_91' title='bbox 1593 1361 1732 1417; x_wconf 82' lang='lat' dir='ltr'>nov,</span> <span class='ocrx_word' id='word_1_92' title='bbox 1834 1340 2161 1406; x_wconf 80' lang='lat' dir='ltr'>Platonem</span> <span class='ocrx_word' id='word_1_93' title='bbox 2227 1338 2508 1403; x_wconf 85' lang='lat' dir='ltr'>nonnulli</span> 
     </span>
     <span class='ocr_line' id='line_1_11' title="bbox 252 1441 2508 1529; baseline -0.003 -18"><span class='ocrx_word' id='word_1_94' title='bbox 252 1463 373 1527; x_wconf 76' lang='lat' dir='ltr'>pro</span> <span class='ocrx_word' id='word_1_95' title='bbox 431 1443 558 1509; x_wconf 88' lang='lat' dir='ltr'>loci</span> <span class='ocrx_word' id='word_1_96' title='bbox 623 1443 925 1529; x_wconf 73' lang='lat' dir='ltr'>oniasque</span> <span class='ocrx_word' id='word_1_97' title='bbox 990 1460 1143 1508; x_wconf 90' lang='lat' dir='ltr'>sono</span> <span class='ocrx_word' id='word_1_98' title='bbox 1207 1443 1490 1508; x_wconf 80' lang='lat' dir='ltr'>variasse</span> <span class='ocrx_word' id='word_1_99' title='bbox 1555 1448 1822 1524; x_wconf 90' lang='lat' dir='ltr'>putant,</span> <span class='ocrx_word' id='word_1_100' title='bbox 1891 1462 1947 1507; x_wconf 86' lang='lat' dir='ltr'>v.</span> <span class='ocrx_word' id='word_1_101' title='bbox 1996 1441 2357 1507; x_wconf 81' lang='lat' dir='ltr'>Schneider.</span> <span class='ocrx_word' id='word_1_102' title='bbox 2424 1441 2508 1505; x_wconf 89' lang='lat' dir='ltr'>ad</span> 
     </span>
     <span class='ocr_line' id='line_1_12' title="bbox 231 1542 2509 1614; baseline -0.003 0"><span class='ocrx_word' id='word_1_103' title='bbox 231 1547 391 1614; x_wconf 52' lang='lat' dir='ltr'>,Cim</span> <span class='ocrx_word' id='word_1_104' title='bbox 439 1545 542 1613; x_wconf 93' lang='lat' dir='ltr'>III</span> <span class='ocrx_word' id='word_1_105' title='bbox 582 1543 709 1610; x_wconf 87' lang='grc'>406</span> <span class='ocrx_word' id='word_1_106' title='bbox 754 1545 830 1610; x_wconf 94' lang='lat' dir='ltr'>D</span> <span class='ocrx_word' id='word_1_107' title='bbox 917 1542 1016 1609; x_wconf 86' lang='lat' dir='ltr'>Et</span> <span class='ocrx_word' id='word_1_108' title='bbox 1047 1562 1199 1610; x_wconf 83' lang='lat' dir='ltr'>vero</span> <span class='ocrx_word' id='word_1_109' title='bbox 1252 1545 1444 1610; x_wconf 86' lang='lat' dir='ltr'>etiam</span> <span class='ocrx_word' id='word_1_110' title='bbox 1510 1544 1690 1610; x_wconf 84' lang='lat' dir='ltr'>nobis</span> <span class='ocrx_word' id='word_1_111' title='bbox 1737 1544 2108 1613; x_wconf 82' lang='lat' dir='ltr'>Germanice</span> <span class='ocrx_word' id='word_1_112' title='bbox 2175 1543 2509 1608; x_wconf 84' lang='lat' dir='ltr'>scribenti-</span> 
     </span>
     <span class='ocr_line' id='line_1_13' title="bbox 254 1645 2503 1733; baseline -0.003 -16"><span class='ocrx_word' id='word_1_113' title='bbox 254 1651 378 1717; x_wconf 86' lang='lat' dir='ltr'>bus</span> <span class='ocrx_word' id='word_1_114' title='bbox 422 1666 877 1730; x_wconf 80' lang='lat' dir='ltr'>nonnunquam</span> <span class='ocrx_word' id='word_1_115' title='bbox 922 1647 1179 1727; x_wconf 87' lang='lat' dir='ltr'>accidit,</span> <span class='ocrx_word' id='word_1_116' title='bbox 1224 1651 1298 1713; x_wconf 86' lang='grc' dir='ltr'>ιιι</span> <span class='ocrx_word' id='word_1_117' title='bbox 1339 1648 1464 1713; x_wconf 88' lang='lat' dir='ltr'>alio</span> <span class='ocrx_word' id='word_1_118' title='bbox 1509 1647 1647 1713; x_wconf 82' lang='lat' dir='ltr'>loeo</span> <span class='ocrx_word' id='word_1_119' title='bbox 1689 1646 1920 1733; x_wconf 71' lang='lat' dir='ltr'>Beleye</span> <span class='ocrx_word' id='word_1_120' title='bbox 1963 1646 2333 1725; x_wconf 74' lang='lat' dir='ltr'>scribamu8‚</span> <span class='ocrx_word' id='word_1_121' title='bbox 2379 1645 2503 1710; x_wconf 92' lang='lat' dir='ltr'>alio</span> 
     </span>
     <span class='ocr_line' id='line_1_14' title="bbox 253 1747 2497 1838; baseline -0.003 -23"><span class='ocrx_word' id='word_1_122' title='bbox 253 1748 563 1838; x_wconf 69' lang='lat' dir='ltr'>Belaeqe,</span> <span class='ocrx_word' id='word_1_123' title='bbox 619 1751 722 1816; x_wconf 83' lang='lat' dir='ltr'>vel</span> <span class='ocrx_word' id='word_1_124' title='bbox 766 1749 942 1813; x_wconf 75' lang='lat' dir='ltr'>aeckt</span> <span class='ocrx_word' id='word_1_125' title='bbox 982 1755 1050 1815; x_wconf 85' lang='lat' dir='ltr'>et</span> <span class='ocrx_word' id='word_1_126' title='bbox 1087 1748 1223 1813; x_wconf 73' lang='lat' dir='ltr'>eokc</span> <span class='ocrx_word' id='word_1_127' title='bbox 1239 1796 1256 1828; x_wconf 90' lang='lat'><strong><em>,</em></strong></span> <span class='ocrx_word' id='word_1_128' title='bbox 1318 1748 1703 1836; x_wconf 75' lang='lat' dir='ltr'>yesckeidt—</span> <span class='ocrx_word' id='word_1_129' title='bbox 1720 1747 2039 1835; x_wconf 48' lang='lat' dir='ltr'>yesclzeum</span> <span class='ocrx_word' id='word_1_130' title='bbox 2107 1747 2497 1833; x_wconf 56' lang='grc' dir='ltr'>θείη-θέρη,</span> 
     </span>
     <span class='ocr_line' id='line_1_15' title="bbox 252 1850 2503 1937; baseline -0.004 -16"><span class='ocrx_word' id='word_1_131' title='bbox 252 1859 450 1937; x_wconf 84' lang='lat' dir='ltr'>prout</span> <span class='ocrx_word' id='word_1_132' title='bbox 491 1854 559 1919; x_wconf 93' lang='lat' dir='ltr'>in</span> <span class='ocrx_word' id='word_1_133' title='bbox 604 1853 820 1919; x_wconf 81' lang='lat' dir='ltr'>stilum</span> <span class='ocrx_word' id='word_1_134' title='bbox 864 1853 1125 1918; x_wconf 85' lang='lat' dir='ltr'>venerit.</span> <span class='ocrx_word' id='word_1_135' title='bbox 1212 1850 1436 1933; x_wconf 88' lang='lat' dir='ltr'>Neque</span> <span class='ocrx_word' id='word_1_136' title='bbox 1480 1858 1694 1918; x_wconf 90' lang='lat' dir='ltr'>tamen</span> <span class='ocrx_word' id='word_1_137' title='bbox 1726 1870 2004 1934; x_wconf 85' lang='lat' dir='ltr'>unquam</span> <span class='ocrx_word' id='word_1_138' title='bbox 2047 1850 2284 1916; x_wconf 83' lang='lat' dir='ltr'>factum</span> <span class='ocrx_word' id='word_1_139' title='bbox 2327 1855 2503 1931; x_wconf 74' lang='lat' dir='ltr'>puto,</span> 
     </span>
     <span class='ocr_line' id='line_1_16' title="bbox 251 1950 2502 2039; baseline -0.004 -16"><span class='ocrx_word' id='word_1_140' title='bbox 251 1963 329 2023; x_wconf 88' lang='lat' dir='ltr'>ut</span> <span class='ocrx_word' id='word_1_141' title='bbox 372 1957 611 2039; x_wconf 85' lang='lat' dir='ltr'>aliquis</span> <span class='ocrx_word' id='word_1_142' title='bbox 654 1955 813 2021; x_wconf 91' lang='lat' dir='ltr'>illud</span> <span class='ocrx_word' id='word_1_143' title='bbox 836 1954 1116 2021; x_wconf 90' lang='lat' dir='ltr'>Hamleti</span> <span class='ocrx_word' id='word_1_144' title='bbox 1140 1954 1379 2020; x_wconf 87' lang='lat' dir='ltr'>dictum</span> <span class='ocrx_word' id='word_1_145' title='bbox 1424 1955 1516 2020; x_wconf 88' lang='lat' dir='ltr'>sic</span> <span class='ocrx_word' id='word_1_146' title='bbox 1539 1955 1871 2021; x_wconf 54' lang='lat' dir='ltr'>scriberet}</span> <span class='ocrx_word' id='word_1_147' title='bbox 1915 1951 2083 2029; x_wconf 54' lang='lat' dir='ltr'>Seia,</span> <span class='ocrx_word' id='word_1_148' title='bbox 2109 1952 2260 2016; x_wconf 76' lang='lat' dir='ltr'>oder</span> <span class='ocrx_word' id='word_1_149' title='bbox 2282 1950 2502 2014; x_wconf 73' lang='lat' dir='ltr'>M‘cht-</span> 
     </span>
     <span class='ocr_line' id='line_1_17' title="bbox 252 2052 2503 2145; baseline -0.002 -23"><span class='ocrx_word' id='word_1_150' title='bbox 252 2082 426 2145; x_wconf 74' lang='lat' dir='ltr'>seyn.</span> <span class='ocrx_word' id='word_1_151' title='bbox 522 2057 649 2124; x_wconf 88' lang='lat' dir='ltr'>Sed</span> <span class='ocrx_word' id='word_1_152' title='bbox 691 2058 757 2122; x_wconf 92' lang='lat' dir='ltr'>in</span> <span class='ocrx_word' id='word_1_153' title='bbox 781 2056 1166 2124; x_wconf 81' lang='lat' dir='ltr'>Graecorum</span> <span class='ocrx_word' id='word_1_154' title='bbox 1196 2059 1448 2140; x_wconf 86' lang='lat' dir='ltr'>scriptis</span> <span class='ocrx_word' id='word_1_155' title='bbox 1470 2052 1747 2139; x_wconf 89' lang='lat' dir='ltr'>undique</span> <span class='ocrx_word' id='word_1_156' title='bbox 1770 2056 2119 2122; x_wconf 82' lang='lat' dir='ltr'>exuberant</span> <span class='ocrx_word' id='word_1_157' title='bbox 2162 2061 2230 2120; x_wconf 93' lang='lat' dir='ltr'>et</span> <span class='ocrx_word' id='word_1_158' title='bbox 2267 2054 2503 2119; x_wconf 89' lang='lat' dir='ltr'>redun-</span> 
     </span>
     <span class='ocr_line' id='line_1_18' title="bbox 255 2158 2501 2242; baseline -0.003 -13"><span class='ocrx_word' id='word_1_159' title='bbox 255 2164 414 2229; x_wconf 87' lang='lat' dir='ltr'>dant</span> <span class='ocrx_word' id='word_1_160' title='bbox 455 2161 648 2227; x_wconf 87' lang='lat' dir='ltr'>huius</span> <span class='ocrx_word' id='word_1_161' title='bbox 704 2158 1074 2240; x_wconf 84' lang='lat' dir='ltr'>stribliginis</span> <span class='ocrx_word' id='word_1_162' title='bbox 1140 2161 1456 2242; x_wconf 85' lang='lat' dir='ltr'>exempla,</span> <span class='ocrx_word' id='word_1_163' title='bbox 1524 2178 1688 2242; x_wconf 86' lang='lat' dir='ltr'>quae</span> <span class='ocrx_word' id='word_1_164' title='bbox 1752 2159 2027 2225; x_wconf 77' lang='lat' dir='ltr'>editores</span> <span class='ocrx_word' id='word_1_165' title='bbox 2093 2163 2208 2224; x_wconf 89' lang='lat' dir='ltr'>aut</span> <span class='ocrx_word' id='word_1_166' title='bbox 2274 2177 2501 2240; x_wconf 87' lang='lat' dir='ltr'>parum</span> 
     </span>
     <span class='ocr_line' id='line_1_19' title="bbox 252 2254 1811 2344; baseline -0.003 -13"><span class='ocrx_word' id='word_1_167' title='bbox 252 2254 795 2340; x_wconf 44' lang='lat' dir='ltr'>animadvertunt·</span> <span class='ocrx_word' id='word_1_168' title='bbox 836 2265 949 2325; x_wconf 86' lang='lat' dir='ltr'>aut</span> <span class='ocrx_word' id='word_1_169' title='bbox 990 2260 1431 2329; x_wconf 87' lang='lat' dir='ltr'>animadversa</span> <span class='ocrx_word' id='word_1_170' title='bbox 1477 2263 1811 2344; x_wconf 86' lang='lat' dir='ltr'>corrigunt.</span> 
     </span>
    </p>

    <p class='ocr_par' dir='ltr' id='par_1_6' title="bbox 215 2364 2501 3989">
     <span class='ocr_line' id='line_1_20' title="bbox 426 2364 2500 2450; baseline -0.001 -18"><span class='ocrx_word' id='word_1_171' title='bbox 426 2368 527 2432; x_wconf 86' lang='lat' dir='ltr'>Ac</span> <span class='ocrx_word' id='word_1_172' title='bbox 569 2366 649 2432; x_wconf 92' lang='lat' dir='ltr'>de</span> <span class='ocrx_word' id='word_1_173' title='bbox 693 2364 1053 2450; x_wconf 85' lang='lat' dir='ltr'>huiusmodi</span> <span class='ocrx_word' id='word_1_174' title='bbox 1116 2365 1475 2446; x_wconf 80' lang='lat' dir='ltr'>vocabulis,</span> <span class='ocrx_word' id='word_1_175' title='bbox 1543 2382 1738 2447; x_wconf 87' lang='lat' dir='ltr'>quae</span> <span class='ocrx_word' id='word_1_176' title='bbox 1802 2382 1949 2429; x_wconf 92' lang='lat' dir='ltr'>non</span> <span class='ocrx_word' id='word_1_177' title='bbox 2015 2364 2098 2427; x_wconf 90' lang='lat' dir='ltr'>in</span> <span class='ocrx_word' id='word_1_178' title='bbox 2163 2364 2500 2429; x_wconf 90' lang='lat' dir='ltr'>diversis</span> 
     </span>
     <span class='ocr_line' id='line_1_21' title="bbox 252 2467 2497 2551; baseline -0.002 -16"><span class='ocrx_word' id='word_1_179' title='bbox 252 2471 483 2551; x_wconf 79' lang='lat' dir='ltr'>looiS‚</span> <span class='ocrx_word' id='word_1_180' title='bbox 534 2470 668 2535; x_wconf 85' lang='lat' dir='ltr'>sed</span> <span class='ocrx_word' id='word_1_181' title='bbox 717 2469 798 2534; x_wconf 94' lang='lat' dir='ltr'>in</span> <span class='ocrx_word' id='word_1_182' title='bbox 843 2467 1110 2533; x_wconf 88' lang='lat' dir='ltr'>eadem</span> <span class='ocrx_word' id='word_1_183' title='bbox 1169 2469 1491 2548; x_wconf 89' lang='lat' dir='ltr'>periodo</span> <span class='ocrx_word' id='word_1_184' title='bbox 1537 2468 1857 2542; x_wconf 78' lang='lat' dir='ltr'>diverse</span> <span class='ocrx_word' id='word_1_185' title='bbox 1903 2467 2218 2548; x_wconf 68' lang='lat' dir='ltr'>[scripta</span> <span class='ocrx_word' id='word_1_186' title='bbox 2284 2472 2497 2546; x_wconf 83' lang='lat' dir='ltr'>sunt,</span> 
     </span>
     <span class='ocr_line' id='line_1_22' title="bbox 252 2569 2495 2654; baseline -0.002 -16"><span class='ocrx_word' id='word_1_187' title='bbox 252 2574 373 2640; x_wconf 85' lang='lat' dir='ltr'>hac</span> <span class='ocrx_word' id='word_1_188' title='bbox 416 2573 482 2638; x_wconf 91' lang='lat' dir='ltr'>in</span> <span class='ocrx_word' id='word_1_189' title='bbox 533 2571 921 2654; x_wconf 86' lang='lat' dir='ltr'>digressione</span> <span class='ocrx_word' id='word_1_190' title='bbox 966 2570 1405 2652; x_wconf 88' lang='lat' dir='ltr'>disputaturus</span> <span class='ocrx_word' id='word_1_191' title='bbox 1451 2589 1610 2635; x_wconf 89' lang='lat' dir='ltr'>sum.</span> <span class='ocrx_word' id='word_1_192' title='bbox 1700 2570 1792 2635; x_wconf 89' lang='lat' dir='ltr'>Ac</span> <span class='ocrx_word' id='word_1_193' title='bbox 1834 2570 2108 2650; x_wconf 92' lang='lat' dir='ltr'>primum</span> <span class='ocrx_word' id='word_1_194' title='bbox 2154 2569 2358 2634; x_wconf 88' lang='lat' dir='ltr'>dicam</span> <span class='ocrx_word' id='word_1_195' title='bbox 2416 2569 2495 2634; x_wconf 93' lang='lat' dir='ltr'>de</span> 
     </span>
     <span class='ocr_line' id='line_1_23' title="bbox 251 2671 2501 2758; baseline -0.003 -17"><span class='ocrx_word' id='word_1_196' title='bbox 251 2676 350 2754; x_wconf 81' lang='lat' dir='ltr'>iis,</span> <span class='ocrx_word' id='word_1_197' title='bbox 396 2694 566 2757; x_wconf 90' lang='lat' dir='ltr'>quae</span> <span class='ocrx_word' id='word_1_198' title='bbox 612 2674 947 2758; x_wconf 84' lang='lat' dir='ltr'>singulis</span> <span class='ocrx_word' id='word_1_199' title='bbox 992 2674 1264 2739; x_wconf 90' lang='lat' dir='ltr'>literis</span> <span class='ocrx_word' id='word_1_200' title='bbox 1307 2673 1476 2738; x_wconf 90' lang='lat' dir='ltr'>inter</span> <span class='ocrx_word' id='word_1_201' title='bbox 1520 2691 1590 2737; x_wconf 92' lang='lat' dir='ltr'>se</span> <span class='ocrx_word' id='word_1_202' title='bbox 1615 2672 1995 2752; x_wconf 88' lang='lat' dir='ltr'>discrepant,</span> <span class='ocrx_word' id='word_1_203' title='bbox 2041 2677 2114 2736; x_wconf 94' lang='lat' dir='ltr'>ut</span> <span class='ocrx_word' id='word_1_204' title='bbox 2157 2676 2304 2736; x_wconf 92' lang='lat' dir='ltr'>ante</span> <span class='ocrx_word' id='word_1_205' title='bbox 2331 2671 2501 2736; x_wconf 87' lang='lat' dir='ltr'>dicta</span> 
     </span>
     <span class='ocr_line' id='line_1_24' title="bbox 251 2772 2496 2861; baseline -0.003 -17"><span class='ocrx_word' id='word_1_206' title='bbox 251 2803 298 2859; x_wconf 83' lang='grc' dir='ltr'><em>μ</em></span> <span class='ocrx_word' id='word_1_207' title='bbox 315 2804 336 2843; x_wconf 86' lang='grc' dir='ltr'>ι</span> <span class='ocrx_word' id='word_1_208' title='bbox 354 2804 389 2841; x_wconf 86' lang='grc' dir='ltr'><strong><em>κ</em></strong></span> <span class='ocrx_word' id='word_1_209' title='bbox 405 2804 443 2861; x_wconf 74' lang='grc' dir='ltr'><strong><em>ρ</em></strong></span> <span class='ocrx_word' id='word_1_210' title='bbox 461 2774 497 2841; x_wconf 82' lang='grc' dir='ltr'>ό</span> <span class='ocrx_word' id='word_1_211' title='bbox 517 2802 548 2851; x_wconf 77' lang='grc' dir='ltr'><em>ς</em></span> <span class='ocrx_word' id='word_1_212' title='bbox 572 2782 639 2842; x_wconf 95' lang='lat' dir='ltr'>et</span> <span class='ocrx_word' id='word_1_213' title='bbox 661 2801 702 2843; x_wconf 89' lang='grc' dir='ltr'>σ</span> <span class='ocrx_word' id='word_1_214' title='bbox 711 2803 755 2859; x_wconf 90' lang='grc' dir='ltr'><em>μ</em></span> <span class='ocrx_word' id='word_1_215' title='bbox 775 2801 797 2841; x_wconf 85' lang='grc' dir='ltr'>ι</span> <span class='ocrx_word' id='word_1_216' title='bbox 812 2803 847 2840; x_wconf 86' lang='grc' dir='ltr'><strong><em>κ</em></strong></span> <span class='ocrx_word' id='word_1_217' title='bbox 862 2772 948 2858; x_wconf 79' lang='grc' dir='ltr'>ρό</span> <span class='ocrx_word' id='word_1_218' title='bbox 964 2802 1024 2856; x_wconf 87' lang='grc' dir='ltr'>ς,</span> <span class='ocrx_word' id='word_1_219' title='bbox 1047 2794 1315 2858; x_wconf 89' lang='lat' dir='ltr'>quorum</span> <span class='ocrx_word' id='word_1_220' title='bbox 1336 2776 1819 2841; x_wconf 82' lang='lat' dir='ltr'>inconstantiam</span> <span class='ocrx_word' id='word_1_221' title='bbox 1843 2775 2129 2856; x_wconf 87' lang='lat' dir='ltr'>sequitur</span> <span class='ocrx_word' id='word_1_222' title='bbox 2153 2773 2496 2838; x_wconf 87' lang='lat' dir='ltr'>substanti-</span> 
     </span>
     <span class='ocr_line' id='line_1_25' title="bbox 253 2873 2496 2974; baseline -0.002 -30"><span class='ocrx_word' id='word_1_223' title='bbox 253 2899 432 2945; x_wconf 82' lang='lat' dir='ltr'>vum:</span> <span class='ocrx_word' id='word_1_224' title='bbox 481 2878 551 2946; x_wconf 74' lang='grc' dir='ltr'>ἐν</span> <span class='ocrx_word' id='word_1_225' title='bbox 596 2884 734 2974; x_wconf 53' lang='grc' dir='ltr'>ςοῖς</span> <span class='ocrx_word' id='word_1_226' title='bbox 775 2884 1037 2964; x_wconf 76' lang='grc' dir='ltr'>μικροῖς</span> <span class='ocrx_word' id='word_1_227' title='bbox 1083 2878 1192 2945; x_wconf 79' lang='grc' dir='ltr'>διὰ</span> <span class='ocrx_word' id='word_1_228' title='bbox 1231 2874 1605 2964; x_wconf 77' lang='grc' dir='ltr'><strong><em>λεπτότητα</em></strong></span> <span class='ocrx_word' id='word_1_229' title='bbox 1653 2877 1761 2942; x_wconf 80' lang='grc' dir='ltr'>καὶ</span> <span class='ocrx_word' id='word_1_230' title='bbox 1811 2873 2210 2963; x_wconf 75' lang='grc' dir='ltr'>σμικρότητα</span> <span class='ocrx_word' id='word_1_231' title='bbox 2237 2876 2496 2940; x_wconf 80' lang='lat' dir='ltr'>Aristot.</span> 
     </span>
     <span class='ocr_line' id='line_1_26' title="bbox 257 2978 2497 3063; baseline -0.004 -15"><span class='ocrx_word' id='word_1_232' title='bbox 257 2981 335 3048; x_wconf 85' lang='lat' dir='ltr'>H.</span> <span class='ocrx_word' id='word_1_233' title='bbox 383 2982 548 3048; x_wconf 90' lang='lat' dir='ltr'>Ann.</span> <span class='ocrx_word' id='word_1_234' title='bbox 592 2981 659 3046; x_wconf 94' lang='lat'>11</span> <span class='ocrx_word' id='word_1_235' title='bbox 708 2981 784 3046; x_wconf 88' lang='lat'>15</span> <span class='ocrx_word' id='word_1_236' title='bbox 828 2979 1060 3063; x_wconf 72' lang='lat' dir='ltr'>p.„506</span> <span class='ocrx_word' id='word_1_237' title='bbox 1107 3000 1146 3046; x_wconf 89' lang='lat' dir='ltr'>a</span> <span class='ocrx_word' id='word_1_238' title='bbox 1190 2982 1256 3062; x_wconf 86' lang='lat'>7,</span> <span class='ocrx_word' id='word_1_239' title='bbox 1323 2980 1430 3045; x_wconf 93' lang='lat' dir='ltr'>ubi</span> <span class='ocrx_word' id='word_1_240' title='bbox 1499 2980 1622 3046; x_wconf 89' lang='lat' dir='ltr'>duo</span> <span class='ocrx_word' id='word_1_241' title='bbox 1689 2980 1865 3045; x_wconf 88' lang='lat' dir='ltr'>codd.</span> <span class='ocrx_word' id='word_1_242' title='bbox 1934 2980 2136 3061; x_wconf 83' lang='lat' dir='ltr'>sigma</span> <span class='ocrx_word' id='word_1_243' title='bbox 2180 2978 2497 3058; x_wconf 86' lang='lat' dir='ltr'>omittunt,</span> 
     </span>
     <span class='ocr_line' id='line_1_27' title="bbox 257 3071 2495 3168; baseline -0.001 -19"><span class='ocrx_word' id='word_1_244' title='bbox 257 3086 370 3150; x_wconf 90' lang='lat' dir='ltr'>sed</span> <span class='ocrx_word' id='word_1_245' title='bbox 412 3084 747 3154; x_wconf 88' lang='lat' dir='ltr'>Bekkerus</span> <span class='ocrx_word' id='word_1_246' title='bbox 790 3101 994 3168; x_wconf 87' lang='lat' dir='ltr'>aequo</span> <span class='ocrx_word' id='word_1_247' title='bbox 1038 3084 1246 3149; x_wconf 88' lang='lat' dir='ltr'>animo</span> <span class='ocrx_word' id='word_1_248' title='bbox 1288 3083 1569 3164; x_wconf 85' lang='lat' dir='ltr'>pertulit,</span> <span class='ocrx_word' id='word_1_249' title='bbox 1614 3084 1877 3165; x_wconf 89' lang='lat' dir='ltr'>parique</span> <span class='ocrx_word' id='word_1_250' title='bbox 1921 3081 2312 3163; x_wconf 84' lang='lat' dir='ltr'>indulgentia</span> <span class='ocrx_word' id='word_1_251' title='bbox 2352 3071 2495 3162; x_wconf 67' lang='lat' dir='ltr'>pro-</span> 
     </span>
     <span class='ocr_line' id='line_1_28' title="bbox 215 3176 2498 3270; baseline -0.001 -19"><span class='ocrx_word' id='word_1_252' title='bbox 215 3176 220 3179; x_wconf 64' lang='grc'><strong><em>’</em></strong></span> <span class='ocrx_word' id='word_1_253' title='bbox 257 3188 513 3270; x_wconf 81' lang='lat' dir='ltr'>pagavit</span> <span class='ocrx_word' id='word_1_254' title='bbox 536 3185 926 3253; x_wconf 85' lang='lat' dir='ltr'>dissonantia</span> <span class='ocrx_word' id='word_1_255' title='bbox 970 3187 1116 3252; x_wconf 79' lang='grc' dir='ltr'>πλε</span> <span class='ocrx_word' id='word_1_256' title='bbox 1136 3182 1343 3270; x_wconf 75' lang='grc' dir='ltr'>ιἰμωι·</span> <span class='ocrx_word' id='word_1_257' title='bbox 1395 3191 1463 3251; x_wconf 91' lang='lat' dir='ltr'>et</span> <span class='ocrx_word' id='word_1_258' title='bbox 1508 3182 1827 3268; x_wconf 70' lang='grc' dir='ltr'><em>πνεύμω</em></span> <span class='ocrx_word' id='word_1_259' title='bbox 1846 3211 1876 3249; x_wconf 76' lang='grc' dir='ltr'><em>ν</em></span> <span class='ocrx_word' id='word_1_260' title='bbox 1899 3183 1997 3249; x_wconf 92' lang='grc' dir='ltr'>ΙΙΙ</span> <span class='ocrx_word' id='word_1_261' title='bbox 2021 3204 2079 3266; x_wconf 89' lang='lat' dir='ltr'>p.</span> <span class='ocrx_word' id='word_1_262' title='bbox 2106 3183 2232 3250; x_wconf 82' lang='lat'>312</span> <span class='ocrx_word' id='word_1_263' title='bbox 2256 3183 2297 3248; x_wconf 92' lang='lat' dir='ltr'><strong>b</strong></span> <span class='ocrx_word' id='word_1_264' title='bbox 2321 3185 2405 3248; x_wconf 83' lang='lat'>27</span> <span class='ocrx_word' id='word_1_265' title='bbox 2432 3189 2498 3249; x_wconf 93' lang='lat' dir='ltr'>et</span> 
     </span>
     <span class='ocr_line' id='line_1_29' title="bbox 258 3286 2497 3371; baseline -0.002 -18"><span class='ocrx_word' id='word_1_266' title='bbox 258 3288 342 3354; x_wconf 83' lang='lat'>30</span> <span class='ocrx_word' id='word_1_267' title='bbox 405 3308 466 3371; x_wconf 89' lang='lat' dir='ltr'>p.</span> <span class='ocrx_word' id='word_1_268' title='bbox 510 3288 637 3355; x_wconf 87' lang='lat'>513</span> <span class='ocrx_word' id='word_1_269' title='bbox 680 3287 724 3354; x_wconf 89' lang='lat' dir='ltr'><strong>b</strong></span> <span class='ocrx_word' id='word_1_270' title='bbox 773 3286 850 3352; x_wconf 85' lang='lat'>13</span> <span class='ocrx_word' id='word_1_271' title='bbox 903 3296 971 3353; x_wconf 91' lang='lat' dir='ltr'>et</span> <span class='ocrx_word' id='word_1_272' title='bbox 1011 3288 1094 3353; x_wconf 82' lang='lat'>22</span> <span class='ocrx_word' id='word_1_273' title='bbox 1158 3308 1219 3371; x_wconf 89' lang='lat' dir='ltr'>p.</span> <span class='ocrx_word' id='word_1_274' title='bbox 1264 3289 1390 3355; x_wconf 79' lang='lat'>514</span> <span class='ocrx_word' id='word_1_275' title='bbox 1443 3307 1485 3354; x_wconf 89' lang='lat' dir='ltr'>a</span> <span class='ocrx_word' id='word_1_276' title='bbox 1529 3287 1566 3354; x_wconf 89' lang='grc'>6</span> <span class='ocrx_word' id='word_1_277' title='bbox 1633 3293 1701 3354; x_wconf 90' lang='lat' dir='ltr'>et</span> <span class='ocrx_word' id='word_1_278' title='bbox 1764 3289 1829 3353; x_wconf 94' lang='lat' dir='ltr'>in</span> <span class='ocrx_word' id='word_1_279' title='bbox 1895 3306 2019 3352; x_wconf 93' lang='lat' dir='ltr'>uno</span> <span class='ocrx_word' id='word_1_280' title='bbox 2083 3287 2242 3351; x_wconf 92' lang='lat' dir='ltr'>adeo</span> <span class='ocrx_word' id='word_1_281' title='bbox 2308 3305 2497 3350; x_wconf 85' lang='lat' dir='ltr'>versu</span> 
     </span>
     <span class='ocr_line' id='line_1_30' title="bbox 259 3381 2496 3475; baseline -0.001 -22"><span class='ocrx_word' id='word_1_282' title='bbox 259 3381 423 3473; x_wconf 83' lang='grc' dir='ltr'><strong><em>αἷμα</em></strong></span> <span class='ocrx_word' id='word_1_283' title='bbox 471 3392 783 3458; x_wconf 78' lang='grc' dir='ltr'>πλεῖστον</span> <span class='ocrx_word' id='word_1_284' title='bbox 828 3385 865 3456; x_wconf 82' lang='grc' dir='ltr'><em>ὃ</em></span> <span class='ocrx_word' id='word_1_285' title='bbox 914 3388 1227 3475; x_wconf 62' lang='grc' dir='ltr'><strong><em>πλεύμων</em></strong></span> <span class='ocrx_word' id='word_1_286' title='bbox 1272 3389 1405 3472; x_wconf 81' lang='grc' dir='ltr'>ἔχει</span> <span class='ocrx_word' id='word_1_287' title='bbox 1472 3394 1604 3456; x_wconf 75' lang='grc' dir='ltr'>τῶν</span> <span class='ocrx_word' id='word_1_288' title='bbox 1648 3390 1717 3474; x_wconf 68' lang='grc' dir='ltr'>ἐν</span> <span class='ocrx_word' id='word_1_289' title='bbox 1781 3395 1920 3468; x_wconf 74' lang='grc' dir='ltr'>τοῖς</span> <span class='ocrx_word' id='word_1_290' title='bbox 1989 3386 2181 3471; x_wconf 83' lang='grc' dir='ltr'>ζώοις</span> <span class='ocrx_word' id='word_1_291' title='bbox 2244 3384 2496 3471; x_wconf 80' lang='grc' dir='ltr'>μορίων</span> 
     </span>
     <span class='ocr_line' id='line_1_31' title="bbox 257 3489 2494 3575; baseline -0.001 -19"><span class='ocrx_word' id='word_1_292' title='bbox 257 3495 396 3572; x_wconf 62' lang='grc' dir='ltr'>ἑοῖς</span> <span class='ocrx_word' id='word_1_293' title='bbox 440 3491 662 3575; x_wconf 83' lang='grc' dir='ltr'>ἔχουσι</span> <span class='ocrx_word' id='word_1_294' title='bbox 709 3489 1044 3575; x_wconf 72' lang='grc' dir='ltr'>πνεύμονα</span> <span class='ocrx_word' id='word_1_295' title='bbox 1090 3491 1124 3558; x_wconf 92' lang='lat' dir='ltr'>I</span> <span class='ocrx_word' id='word_1_296' title='bbox 1174 3491 1250 3558; x_wconf 87' lang='grc'>17</span> <span class='ocrx_word' id='word_1_297' title='bbox 1295 3492 1337 3557; x_wconf 91' lang='lat' dir='ltr'>b</span> <span class='ocrx_word' id='word_1_298' title='bbox 1387 3492 1442 3557; x_wconf 91' lang='lat'>1.</span> <span class='ocrx_word' id='word_1_299' title='bbox 1552 3493 1673 3558; x_wconf 86' lang='lat' dir='ltr'>Hic</span> <span class='ocrx_word' id='word_1_300' title='bbox 1717 3492 2136 3558; x_wconf 83' lang='lat' dir='ltr'>Schneiderus</span> <span class='ocrx_word' id='word_1_301' title='bbox 2180 3510 2240 3572; x_wconf 91' lang='lat' dir='ltr'>p.</span> <span class='ocrx_word' id='word_1_302' title='bbox 2286 3490 2366 3554; x_wconf 83' lang='lat'>35</span> <span class='ocrx_word' id='word_1_303' title='bbox 2394 3489 2494 3574; x_wconf 64' lang='lat'>§4</span> 
     </span>
     <span class='ocr_line' id='line_1_32' title="bbox 259 3588 2495 3679; baseline -0.001 -20"><span class='ocrx_word' id='word_1_304' title='bbox 259 3588 296 3659; x_wconf 83' lang='grc' dir='ltr'>ὁ</span> <span class='ocrx_word' id='word_1_305' title='bbox 345 3592 650 3679; x_wconf 74' lang='grc' dir='ltr'><strong><em>πνεύμων</em></strong></span> <span class='ocrx_word' id='word_1_306' title='bbox 695 3595 921 3676; x_wconf 88' lang='lat' dir='ltr'>edidit,</span> <span class='ocrx_word' id='word_1_307' title='bbox 990 3595 1102 3661; x_wconf 89' lang='lat' dir='ltr'>sed</span> <span class='ocrx_word' id='word_1_308' title='bbox 1146 3595 1253 3661; x_wconf 87' lang='lat' dir='ltr'>ille</span> <span class='ocrx_word' id='word_1_309' title='bbox 1296 3595 1362 3662; x_wconf 88' lang='lat' dir='ltr'>id</span> <span class='ocrx_word' id='word_1_310' title='bbox 1406 3596 1575 3677; x_wconf 91' lang='lat' dir='ltr'>quod</span> <span class='ocrx_word' id='word_1_311' title='bbox 1619 3596 1745 3661; x_wconf 87' lang='lat' dir='ltr'>dixi</span> <span class='ocrx_word' id='word_1_312' title='bbox 1813 3595 1946 3661; x_wconf 91' lang='lat' dir='ltr'>sine</span> <span class='ocrx_word' id='word_1_313' title='bbox 2011 3595 2143 3659; x_wconf 91' lang='lat' dir='ltr'>ulla</span> <span class='ocrx_word' id='word_1_314' title='bbox 2207 3592 2495 3658; x_wconf 86' lang='lat' dir='ltr'>diversae</span> 
     </span>
     <span class='ocr_line' id='line_1_33' title="bbox 259 3694 2491 3782; baseline -0.002 -18"><span class='ocrx_word' id='word_1_315' title='bbox 259 3697 605 3779; x_wconf 82' lang='lat' dir='ltr'>scripturae</span> <span class='ocrx_word' id='word_1_316' title='bbox 647 3698 963 3764; x_wconf 83' lang='lat' dir='ltr'>mentione</span> <span class='ocrx_word' id='word_1_317' title='bbox 982 3697 1050 3782; x_wconf 89' lang='lat'>¹),</span> <span class='ocrx_word' id='word_1_318' title='bbox 1117 3699 1231 3764; x_wconf 91' lang='lat' dir='ltr'>sed</span> <span class='ocrx_word' id='word_1_319' title='bbox 1273 3697 1438 3763; x_wconf 88' lang='lat' dir='ltr'>hanc</span> <span class='ocrx_word' id='word_1_320' title='bbox 1480 3696 1848 3764; x_wconf 85' lang='lat' dir='ltr'>facilitatem</span> <span class='ocrx_word' id='word_1_321' title='bbox 1891 3696 2300 3779; x_wconf 89' lang='lat' dir='ltr'>reprehendit</span> <span class='ocrx_word' id='word_1_322' title='bbox 2342 3694 2491 3760; x_wconf 83' lang='lat' dir='ltr'>Ide-</span> 
     </span>
     <span class='ocr_line' id='line_1_34' title="bbox 256 3796 2493 3876; baseline -0.002 -13"><span class='ocrx_word' id='word_1_323' title='bbox 256 3798 427 3865; x_wconf 81' lang='lat' dir='ltr'>lerus</span> <span class='ocrx_word' id='word_1_324' title='bbox 471 3802 555 3867; x_wconf 88' lang='lat' dir='ltr'>ad</span> <span class='ocrx_word' id='word_1_325' title='bbox 596 3800 862 3867; x_wconf 81' lang='lat' dir='ltr'>Meteor.</span> <span class='ocrx_word' id='word_1_326' title='bbox 908 3799 977 3866; x_wconf 89' lang='lat' dir='ltr'>T.</span> <span class='ocrx_word' id='word_1_327' title='bbox 1020 3798 1055 3864; x_wconf 92' lang='lat' dir='ltr'>I</span> <span class='ocrx_word' id='word_1_328' title='bbox 1099 3797 1259 3866; x_wconf 82' lang='lat'><strong>223:</strong></span> <span class='ocrx_word' id='word_1_329' title='bbox 1327 3799 1493 3863; x_wconf 80' lang='lat' dir='ltr'>mira</span> <span class='ocrx_word' id='word_1_330' title='bbox 1560 3812 1652 3863; x_wconf 75' lang='lat' dir='ltr'>est</span> <span class='ocrx_word' id='word_1_331' title='bbox 1695 3797 1980 3863; x_wconf 77' lang='lat' dir='ltr'>Belckeri</span> <span class='ocrx_word' id='word_1_332' title='bbox 2038 3796 2493 3876; x_wconf 71' lang='lat' dir='ltr'>inconstantz‘a3</span> 
     </span>
     <span class='ocr_line' id='line_1_35' title="bbox 257 3898 2493 3989; baseline -0 -23"><span class='ocrx_word' id='word_1_333' title='bbox 257 3901 397 3985; x_wconf 62' lang='lat' dir='ltr'>quio</span> <span class='ocrx_word' id='word_1_334' title='bbox 440 3903 603 3967; x_wconf 79' lang='lat' dir='ltr'>enim</span> <span class='ocrx_word' id='word_1_335' title='bbox 634 3901 832 3986; x_wconf 74' lang='lat' dir='ltr'>ferat,</span> <span class='ocrx_word' id='word_1_336' title='bbox 876 3901 1048 3988; x_wconf 80' lang='lat' dir='ltr'>quod</span> <span class='ocrx_word' id='word_1_337' title='bbox 1089 3901 1261 3967; x_wconf 68' lang='lat' dir='ltr'>dedit</span> <span class='ocrx_word' id='word_1_338' title='bbox 1301 3902 1408 3966; x_wconf 80' lang='lat' dir='ltr'>ille</span> <span class='ocrx_word' id='word_1_339' title='bbox 1449 3921 1513 3985; x_wconf 90' lang='lat' dir='ltr'>p.</span> <span class='ocrx_word' id='word_1_340' title='bbox 1538 3901 1665 3967; x_wconf 82' lang='lat'>372</span> <span class='ocrx_word' id='word_1_341' title='bbox 1708 3922 1750 3967; x_wconf 88' lang='lat' dir='ltr'>a</span> <span class='ocrx_word' id='word_1_342' title='bbox 1793 3901 2121 3989; x_wconf 78' lang='grc' dir='ltr'>γίνεται</span> <span class='ocrx_word' id='word_1_343' title='bbox 2165 3900 2305 3984; x_wconf 77' lang='grc' dir='ltr'><strong><em>μὲν,</em></strong></span> <span class='ocrx_word' id='word_1_344' title='bbox 2354 3898 2493 3986; x_wconf 55' lang='lat' dir='ltr'>Mt·</span> 
     </span>
    </p>
   </div>
   <div class='ocr_carea' id='block_1_6' title="bbox 261 4073 772 4085">
    <p class='ocr_par' dir='ltr' id='par_1_7' title="bbox 261 4073 772 4085">
     <span class='ocr_line' id='line_1_36' title="bbox 261 4073 772 4085; baseline 0 843"><span class='ocrx_word' id='word_1_345' title='bbox 261 4073 772 4085; x_wconf 95' lang='lat' dir='ltr'> </span> 
     </span>
    </p>
   </div>
   <div class='ocr_carea' id='block_1_7' title="bbox 260 4147 2495 4402">
    <p class='ocr_par' dir='ltr' id='par_1_8' title="bbox 260 4147 2495 4402">
     <span class='ocr_line' id='line_1_37' title="bbox 397 4147 2495 4227; baseline -0.001 -15"><span class='ocrx_word' id='word_1_346' title='bbox 397 4156 451 4223; x_wconf 89' lang='lat' dir='ltr'>l)</span> <span class='ocrx_word' id='word_1_347' title='bbox 486 4162 823 4227; x_wconf 77' lang='lat' dir='ltr'>Quantopere</span> <span class='ocrx_word' id='word_1_348' title='bbox 857 4159 986 4212; x_wconf 81' lang='lat' dir='ltr'>alibi</span> <span class='ocrx_word' id='word_1_349' title='bbox 1017 4162 1073 4213; x_wconf 85' lang='lat' dir='ltr'>in</span> <span class='ocrx_word' id='word_1_350' title='bbox 1106 4162 1209 4214; x_wconf 85' lang='lat' dir='ltr'>hoc</span> <span class='ocrx_word' id='word_1_351' title='bbox 1243 4161 1366 4213; x_wconf 88' lang='lat' dir='ltr'>libri</span> <span class='ocrx_word' id='word_1_352' title='bbox 1400 4161 1692 4214; x_wconf 76' lang='lat' dir='ltr'>dissideant</span> <span class='ocrx_word' id='word_1_353' title='bbox 1724 4147 1907 4213; x_wconf 83' lang='lat' dir='ltr'>notum</span> <span class='ocrx_word' id='word_1_354' title='bbox 1941 4165 2046 4225; x_wconf 82' lang='lat' dir='ltr'>est3</span> <span class='ocrx_word' id='word_1_355' title='bbox 2090 4175 2183 4225; x_wconf 88' lang='lat' dir='ltr'>pro</span> <span class='ocrx_word' id='word_1_356' title='bbox 2221 4154 2495 4226; x_wconf 78' lang='grc' dir='ltr'>πνεύμονι</span> 
     </span>
     <span class='ocr_line' id='line_1_38' title="bbox 260 4240 2494 4312; baseline -0.001 -15"><span class='ocrx_word' id='word_1_357' title='bbox 260 4243 322 4297; x_wconf 84' lang='lat' dir='ltr'>n.</span> <span class='ocrx_word' id='word_1_358' title='bbox 347 4245 426 4296; x_wconf 73' lang='lat' dir='ltr'>lv</span> <span class='ocrx_word' id='word_1_359' title='bbox 462 4244 568 4300; x_wconf 71' lang='lat'>528</span> <span class='ocrx_word' id='word_1_360' title='bbox 579 4246 893 4300; x_wconf 75' lang='lat' dir='ltr'>Enststhius</span> <span class='ocrx_word' id='word_1_361' title='bbox 928 4251 1164 4312; x_wconf 79' lang='lat' dir='ltr'>testatur,</span> <span class='ocrx_word' id='word_1_362' title='bbox 1197 4252 1434 4299; x_wconf 84' lang='lat' dir='ltr'>veterum</span> <span class='ocrx_word' id='word_1_363' title='bbox 1451 4247 1682 4312; x_wconf 81' lang='lat' dir='ltr'>aliquem</span> <span class='ocrx_word' id='word_1_364' title='bbox 1723 4240 1989 4308; x_wconf 69' lang='grc' dir='ltr'>πλεύμονι</span> <span class='ocrx_word' id='word_1_365' title='bbox 2031 4246 2323 4311; x_wconf 75' lang='lat' dir='ltr'>scripsisse.</span> <span class='ocrx_word' id='word_1_366' title='bbox 2373 4244 2494 4295; x_wconf 75' lang='lat' dir='ltr'>Hoc</span> 
     </span>
     <span class='ocr_line' id='line_1_39' title="bbox 260 4326 2362 4402; baseline 0.001 -21"><span class='ocrx_word' id='word_1_367' title='bbox 260 4330 595 4385; x_wconf 75' lang='lat' dir='ltr'>Hermsnnus</span> <span class='ocrx_word' id='word_1_368' title='bbox 626 4333 960 4402; x_wconf 81' lang='lat' dir='ltr'>repudiatum</span> <span class='ocrx_word' id='word_1_369' title='bbox 995 4329 1182 4386; x_wconf 78' lang='lat' dir='ltr'>Aesch.</span> <span class='ocrx_word' id='word_1_370' title='bbox 1202 4332 1456 4400; x_wconf 60' lang='lat' dir='ltr'>,Choephq</span> <span class='ocrx_word' id='word_1_371' title='bbox 1485 4328 1590 4387; x_wconf 73' lang='lat'>629</span> <span class='ocrx_word' id='word_1_372' title='bbox 1626 4333 1877 4402; x_wconf 78' lang='lat' dir='ltr'>aequavit</span> <span class='ocrx_word' id='word_1_373' title='bbox 1910 4332 2063 4385; x_wconf 82' lang='lat' dir='ltr'>alteri</span> <span class='ocrx_word' id='word_1_374' title='bbox 2099 4331 2242 4400; x_wconf 81' lang='lat' dir='ltr'>Sept.</span> <span class='ocrx_word' id='word_1_375' title='bbox 2276 4326 2362 4384; x_wconf 84' lang='lat'>61.</span> 
     </span>
    </p>
   </div>
  </div>
 </body>
</html>
