2946 4928
391 354 518 426 224
919 341 927 346 ’
1155 313 1712 426 mssnnmno
1768 356 1910 426 vn„
2010 367 2017 374 ’

1196 641 1413 721 rins
1488 581 1817 721 mum.

742 787 912 893 De*
955 767 1643 893 additamentis
1722 812 2264 920 syllabicis.

719 943 724 949 ⁴
1130 947 1136 956 ’
1364 1019 1543 1086 off.
1588 1020 1640 1090 1.
1700 1119 1703 1120 f

966 1180 1085 1259 De
1136 1176 1514 1254 vocalibus
1565 1176 2036 1283 simplicibus.

552 1347 607 1431 ξ.
658 1345 711 1412 1.
798 1346 1022 1414 Limen
1086 1346 1468 1412 intrantibus
1536 1346 1784 1413 obviam
1859 1365 1928 1413 se
1993 1343 2208 1412 ferunt
2271 1349 2623 1428 etymorum

380 1449 791 1531 coniectoreS,
849 1451 968 1532 -qui
1011 1451 1318 1533 quidquid
1374 1452 1698 1533 attingunt
1740 1447 1987 1516 affectio
2030 1447 2105 1515 fit
2120 1500 2136 1529 ,
2203 1447 2392 1515 schol.
2437 1448 2495 1513 A
2539 1447 2625 1514 ad

377 1551 449 1617 ΙΙ.
495 1552 589 1618 IX
631 1551 716 1619 46
761 1557 827 1620 et
870 1551 1015 1634 262,
1060 1552 1266 1635 Epim.
1311 1553 1344 1619 I
1388 1553 1514 1621 213
1583 1554 1658 1621 τὸ
1706 1551 1894 1637 παρὰ
1948 1557 2088 1630 τοῖς
2126 1547 2449 1631 Ἀττικοῖς
2494 1577 2621 1619 πα·

378 1656 876 1742 ρακελευστικὸν
921 1653 1267 1747 ἐπίρῤημα
1335 1649 1458 1724 εἶα
1530 1654 1666 1725 ἀπὸ
1716 1659 1834 1723 τοῦ
1881 1650 1952 1724 εἶ’
1986 1655 2627 1743 συνδέσμουγέγονε

375 1763 494 1823 τοῦ
539 1762 609 1828 ἶ
658 1758 1162 1846 περιττεύοντος
1228 1765 1342 1849 τῆς
1412 1759 1688 1839 δασείας
1748 1755 2029 1837 ἇττικιῦς
2084 1756 2622 1847 προσελθούσης,

377 1879 568 1944 quam
613 1863 1047 1929 ariolationem
1088 1863 1398 1944 Nicanori
1427 1864 1654 1929 tribuit
1694 1862 1987 1929 Eustath.
2034 1860 2172 1928 107.
2219 1860 2304 1927 20
2347 1859 2623 1928 Choero-

372 1964 644 2032 boscum·
675 1971 1000 2049 sequutus.
1096 1967 1235 2032 Vox
1291 1967 1523 2032 Latina
1577 1966 1760 2032 modo
1804 1964 2150 2045 aspiratur,
2216 1965 2402 2030 modo
2452 1983 2621 2031 non:

373 2067 526 2133 heia*
558 2074 641 2149 et,
689 2069 858 2151 quod
900 2068 1150 2136 Handio
1193 2072 1261 2135 in
1305 2071 1486 2136 Turs.
1531 2069 1599 2135 H
1641 2067 1766 2136 362
1810 2069 2131 2151 antiquius
2174 2067 2443 2148 videtur,
2489 2067 2623 2149 eia,-

374 2170 619 2238 Graeca
681 2172 867 2254 vulgo
941 2173 1072 2238 leni
1154 2178 1414 2241 notatur
1499 2173 1753 2256 spiritu,
1840 2190 2049 2254 neque
2112 2170 2306 2236 alium
2377 2171 2622 2251 patitur

373 2276 684 2358 particula
742 2294 783 2341 a
846 2277 1052 2358 poetis
1119 2278 1346 2344 Atticis
1424 2295 1618 2359 saepe
1706 2277 2059 2359 praemissa
2137 2269 2256 2341 οὐκ
2310 2265 2431 2340 εἶα.
2541 2272 2619 2340 Id

247 2379 261 2385 “
368 2380 658 2446 nativum
696 2397 855 2447 esse
880 2380 1067 2447 hodie
1110 2399 1294 2447 nemo
1339 2380 1604 2447 dubitat.
1658 2374 1917 2445 -Ἕνα
1961 2397 2111 2460 pro
2106 2376 2193 2446 ἕν
2238 2378 2444 2444 dicere
2488 2378 2616 2461 By

369 2484 722 2550 zantiorum
767 2491 883 2551 est.

495 2586 747 2654 Vocalis
769 2588 1089 2669 proximae
1112 2588 1515 2671 pleonasmus
1536 2588 1844 2672 probatur
1856 2586 2142 2669 exemplo
2152 2583 2540 2652 firmissimo:
2574 2580 2613 2651 ὃ

366 2682 410 2776 η’
453 2686 816 2773 σύνδεσμος
852 2690 1300 2773 διαζευκτικός
1325 2687 1866 2775 ἐπεκτεινόμενος
1896 2690 2009 2778 διὰ
2056 2691 2176 2756 τοῦ
2218 2690 2269 2760 ’ἑ
2312 2679 2641 2768 ὀξύνεταί

367 2791 760 2861 sohol.·Dion.
783 2814 844 2878 p.
870 2793 1013 2861 963.
1038 2794 1139 2863 23.
1185 2794 1323 2860 Hoc
1347 2794 1637 2877 improbe
1671 2794 1911 2860 abusus
1947 2798 2048 2861 est
2072 2791 2447 2859 Posidonius
2467 2793 2612 2858 Ari-

233 2976 238 2977 ,
367 2898 605 2964 starchi
623 2902 1003 2981 anagnostes
1027 2898 1108 2964 ad
1132 2898 1501 2965 solvendum
1523 2897 1940 2964 anacoluthon
1961 2890 2274 2962 Homericss
2296 2895 2369 2962 11:
2382 2895 2613 2962 v1510

367 2993 403 3065 ὁ
453 2996 510 3067 δ’
559 2995 886 3089 ἀγλαΐηφι
934 3001 1293 3081 πεποιθὼς
1336 3000 1558 3094 ῥίμφα
1606 2997 1640 3068 ἑ
1684 3006 1882 3088 γοῦνὰ
1905 2999 2118 3088 φέρει,
2168 3000 2337 3082 quod
2359 2998 2617 3087 ῥίμφαε

366 3103 622 3185 scripsit
664 3103 739 3170 τὸ
786 3107 828 3176 ἕ
869 3105 1230 3192 παρέλκειν
1273 3105 1481 3192 λέγων
1527 3099 1618 3182 ὥς
1662 3102 1737 3169 τὸ
1784 3098 1882 3190 ἦέ.
1960 3101 2088 3168 Sed
2127 3103 2316 3170 huius
2353 3120 2619 3171 acumen

365 3207 635 3273 excessit
676 3204 1087 3291 philosophus
1133 3207 1580 3290 grammaticae
1625 3204 1953 3272 affectator
1985 3204 2378 3289 Chrysippus
2421 3224 2613 3288 prae-

362 3309 737 3391 positionem
785 3307 964 3398 ἆμφί
1005 3311 1129 3379 huc
1161 3312 1559 3394 detorquens
1602 3310 1674 3376 Il.
1720 3309 1840 3375 XV
1884 3306 2041 3391 241,
2088 3312 2266 3377 cuius
2310 3310 2606 3376 facinoris

362 3418 715 3483 consortem
758 3416 970 3498 prodit
1010 3416 1217 3498 Epim.
1257 3398 1309 3480 1'
1339 3411 1439 3480 66.
1489 3412 1570 3478 33
1615 3413 2092 3495 Apollodorum,
2139 3414 2254 3479 sed
2295 3414 2458 3480 illico
2501 3431 2605 3478 re-

358 3513 549 3584 follit:
610 3513 940 3585 οὐδέποτε
986 3515 1337 3600 πλεονάζει
1388 3514 1718 3606 πρόθεσις
1776 3516 1946 3589 zo}
2020 3513 2107 3584 Ei
2161 3515 2282 3605 γὰρ
2338 3516 2605 3606 γένηται

361 3610 816 3705 πλεονασμὸς,1
859 3618 1287 3707 τρισύλλαβος
1334 3615 1760 3688 ἀποτελεῖται
1809 3617 2169 3709 πρόθεσις,
2215 3617 2388 3707 ὅπερ
2434 3619 2608 3688 ἐστὶν

361 3717 734 3811 ἀνέφικτον.
825 3722 1258 3790 Coniunctioni
1311 3723 1405 3790 illi
1458 3723 1702 3806 epsilon
1753 3724 2039 3791 additum
2095 3742 2237 3791 esse
2291 3725 2606 3790 consentit

357 3826 725 3907 Apollonius
769 3826 953 3893 Pron.
1003 3826 1120 3893 101
1192 3832 1383 3910 atque
1436 3826 1583 3892 hinc
1626 3828 1955 3908 concludit,
2003 3831 2328 3893 accentum
2370 3845 2603 3909 prono·
2698 3856 2709 3873 =

356 3929 541 3995 minis
587 3927 678 4013 ἕε,
725 3930 783 3996 si
823 3931 1058 3997 vocalis
1097 3928 1308 3996 finalis
1351 3948 1467 4012 pro
1511 3929 1900 4012 pleonastica
1940 3930 2269 4011 habeatur,
2313 3948 2453 3996 non·
2483 3948 2600 4003 suo

354 4031 490 4099 loco
533 4034 809 4115 positum
852 4033 1026 4114 esse',
1091 4039 1166 4099 ut
1206 4033 1273 4098 in
1315 4030 1417 4121 ἠέ,
1463 4034 1633 4116 quod
1673 4033 1957 4100 nonnulli
1997 4036 2241 4100 mutato
2286 4051 2475 4099 sensu
2519 4026 2603 4121 ἦε

356 4136 761 4217 scripserunt.
848 4136 946 4203 De
1009 4134 1375 4219 pronomine
1442 4134 1511 4204 ἓε
1577 4137 1709 4204 sive
1776 4134 1847 4205 ἑὲ
1911 4136 2179 4202 diximus
2244 4138 2310 4202 in
2352 4137 2598 4203 Pathol.

354 4237 619 4306 Elemm.
663 4239 695 4305 I
740 4237 824 4305 60
847 4258 939 4323 sq.
971 4275 1044 4287 -
1073 4237 1482 4323 Summopere
1527 4246 1892 4322 suspectum
1936 4245 2037 4307 est
2081 4235 2305 4307 εἷ’ποι
2321 4265 2380 4321 ε,
2427 4240 2600 4322 quod

357 4341 598 4408 codices
663 4343 859 4427 aliqui
924 4343 1221 4410 exhibent
1272 4346 1535 4411 Aristot.
1585 4343 1717 4410 Pol.
1763 4344 1828 4409 11
1868 4342 1909 4409 9
1954 4362 2014 4425 p.
2066 4341 2247 4410 1270‘
2273 4344 2333 4409 b.
2380 4341 2463 4409 38
2530 4348 2600 4410 et
