2946 4928
323 257 330 261 ⁴
406 306 529 375 168
881 313 897 399 ᾗ
1159 309 1718 380 0155111111Ήο
1759 313 1903 381 vn.

400 469 643 561 τόμητι
687 478 804 540 etc.
849 474 945 539 illi
972 472 1340 556 praeferunt
1368 478 1786 545 masculinum
1831 471 1884 546 ὦ
1930 481 2284 569 δολομῆτα,
2332 475 2390 547 v'.
2414 481 2651 549 Parall.

401 574 547 657 240,
594 581 784 659 atque
825 578 985 643 haec
1027 580 1388 647 terminatio
1432 582 1838 665 principalior
1879 584 2148 650 videtur.

518 711 533 728 -
575 681 631 764 ξ.
676 680 735 745 3.
822 680 1267 749 Verborum
1333 684 1560 751 modus
1627 686 1904 752 directus
1962 687 2126 751 1111111
2188 686 2409 768 habet,
2477 688 2651 770 quod

399 783 819 865 suspicionem
839 783 1190 851 Hermanni
1212 784 1559 853 confirmet.
1629 789 1796 857 Nam
1816 805 2124 871 personae
2145 791 2375 856 tertiae
2399 784 2648 877 ἤσκειν,

318 967 325 984 1
399 882 695 972 ἑστήκειν
738 891 856 953 etc.
901 906 1027 953 11011
1070 889 1367 971 leguntur
1408 892 1534 957 nisi
1573 892 1639 957 in
1682 898 1866 975 parte
1887 911 2109 959 versus
2150 894 2379 975 priore,
2423 904 2491 959 in
2536 913 2646 959 ex-

391 982 489 1053 itu
529 1006 679 1055 vero
720 982 862 1079 ᾔει,
905 983 1086 1079 ᾔδει,
1134 989 1461 1074 κεχάνδει,
1508 991 1808 1082 βεβήκει,
1880 993 2181 1083 γεγήθει,
2252 993 2643 1083 εἰληλούθει

397 1096 700 1173 sequente
723 1093 1094 1174 plerumque
1140 1094 1357 1160 vocali.
1408 1132 1482 1142 -
1554 1089 1647 1162 Οἳ
1661 1100 1700 1164 ὁ
1714 1124 1756 1163 α
1770 1123 1804 1177 ς
1854 1118 2111 1164 versum
2155 1099 2394 1164 claudit
2434 1097 2517 1164 H.
2561 1099 2644 1165 H.

392 1194 674 1260 inMerc.
720 1193 866 1276 456,
913 1193 1616 1278 Theogn.957,'Quint.
1661 1200 1728 1266 11
1771 1200 1871 1283 71,
1917 1202 2007 1266 VI
2037 1201 2176 1284 121,
2223 1202 2337 1267 sed
2377 1202 2482 1267 hic
2515 1222 2646 1269 non

392 1296 555 1379 fugit
599 1298 809 1363 dicere
855 1289 1072 1371 οἶσθα,
1099 1297 1137 1384 ΙΙ
1181 1291 1324 1366 οἷον
1371 1294 1525 1382 ἄχος
1570 1300 1604 1367 1
1648 1301 1792 1385 734,
1837 1299 1905 1370 et
1943 1305 2063 1370 hoc
2105 1306 2290 1370 modo
2322 1305 2643 1372 Homerus

388 1401 527 1481 ipse
573 1392 802 1467 οἶσθα.
853 1400 892 1486 ΙΙ
968 1401 1063 1498 01}
1105 1402 1201 1485 μὰ
1245 1401 1375 1491 γὰρ
1422 1442 1496 1453 —-
1546 1405 1620 1471 Il.
1663 1406 1714 1471 Ι.
1757 1406 1871 1488 85,
1939 1408 2041 1474 cui
2093 1408 2426 1474 nonnullos
2491 1426 2643 1476 con-

390 1520 610 1569 sonam
653 1502 931 1570 affixisse
974 1506 1253 1572 ostendit
1294 1507 1666 1574 intercessio
1700 1510 1891 1576 schol.
1927 1511 2000 1576 A.
2048 1503 2258 1578 οἷσθα
2305 1512 2416 1579 διὰ
2464 1536 2641 1579 παν-

388 1606 504 1686 τὸς
544 1607 745 1693 χωρὶς
789 1614 909 1675 τοῦ
948 1609 1023 1679 ‘3-
1113 1608 1249 1676 Nec
1293 1610 1578 1676 tulerunt
1619 1612 1820 1678 critici
1865 1605 2056 1692 οἶδας
2100 1614 2140 1699 {l
2197 1609 2327 1702 ἔργ’
2379 1609 2640 1702 ἀνδρῶν

392 1708 508 1776 Od.
556 1710 589 1774 I
611 1708 755 1791 337,
801 1730 951 1778 nam
995 1711 1154 1778 haec
1198 1732 1444 1796 quoque
1472 1712 1676 1780 forma
1718 1721 1945 1797 poetae
1974 1717 2247 1797 insueta,
2296 1718 2411 1783 sed
2429 1714 2640 1797 εἷ’δεις
2745 1767 2755 1773 -

279 1859 286 1864 .
386 1813 699 1895 scripsere
742 1813 870 1895 vel,
916 1815 1087 1897 quod
1126 1834 1293 1882 nunc
1335 1821 1664 1899 receptum
1707 1822 1824 1899 est,
1847 1813 1956 1907 .ᾔδ
1964 1843 2057 1907 ης,
2103 1816 2179 1885 cf.
2225 1818 2505 1886 Nitzsch.
2551 1822 2639 1886 ad

343 1914 450 2009 ⁴⁴li.
495 1916 535 1981 l.
582 1921 648 1981 et
689 1916 911 1982 LehrS.
945 1916 1392 2008 (11111051.275.

555 2018 888 2085 Modorum
912 2020 1307 2103 obliquorum
1351 2025 1484 2087 tre's
1527 2021 1595 2086 in
1639 2021 1981 2088 discrimen
2003 2025 2281 2090 veniunt.
2347 2025 2635 2102 Primum
2764 2043 2769 2044 ’

383 2124 792 2205 imperativus
835 2125 1193 2205 praesentis
1240 2124 1541 2205 temporis
1586 2122 1848 2205 ἔνισπε,
1903 2145 2027 2209 quo
2068 2128 2385 2194 Homerus
2431 2130 2634 2195 semel

383 2245 539 2293 usus
584 2231 685 2292 est
726 2227 793 2293 in
814 2227 1023 2293 medio
1046 2246 1239 2294 versu
1264 2226 1379 2293 Od.
1403 2225 1512 2306 IV.
1559 2224 1704 2308 642,
1750 2229 1841 2295 sic
1863 2234 1956 2295 ‘ut
1975 2232 2210 2297 mutari
2251 2250 2380 2297 non
2406 2220 2632 2314 possit,

344 2402 360 2418 Ι
375 2331 671 2413 idemque
717 2331 864 2398 olim
887 2331 1030 2413 plus
1055 2331 1264 2397 decies
1286 2330 1620 2413 legebatur
1660 2332 1729 2398 in
1772 2332 1991 2403 exitu:
2017 2333 2329 2422 νημερτὲς
2374 2333 2628 2417 ἔνισπε,

378 2428 634 2523 ἀληθὲς
677 2456 930 2517 ενισπε,
976 2429 1159 2522 κήόε
1211 2432 1428 2502 ε”νισπε
1473 2438 1591 2501 etc.
1684 2432 1811 2500 Sed
1831 2435 2161 2503 Bekkerus
2192 2437 2427 2520 ubique
2463 2439 2633 2505 aori-

378 2536 604 2603 stum’
570 2537 836 2616 ενίσπες
877 2538 1167 2620 reposuit
1186 2539 1565 2604 auctoritate
1591 2537 1894 2620 codicum,
1940 2558 2096 2622 quos
2122 2539 2491 2622 Spitznerus
2531 2542 2631 2607 in-

380 2642 551 2707 dicat
592 2642 676 2707 ad
718 2640 812 2705 XI
860 2638 1001 2721 186,
1049 2645 1116 2707 et
1157 2625 1404 2706 indiciis
1450 2624 1931 2707 scholiastarum
1967 2641 2083 2707 Od.
2125 2643 2217 2708 IV
2260 2642 2385 2709 314
2432 2638 2500 2710 et
2528 2645 2667 2727 111,

382 2744 523 2825 101,
569 2762 839 2827 quorum
879 2743 988 2809 ille
1033 2743 1297 2810 adnotat
1340 2742 1572 2810 ἔνισπε
1614 2741 1827 2832 γράφε
1872 2741 2158 2824 ἐνίσπες,
2207 2745 2370 2811 alter
2411 2747 2516 2813 hic
2560 2754 2632 2814 et

372 2849 524 2915 XIV
545 2847 663 2913 185
678 2849 850 2914 idem
861 2847 1140 2913 declarat
1150 2847 1618 2929 comparatione
1627 2847 2028 2929 imperativi’
1996 2848 2279 2932 επίσχες.
2344 2850 2472 2916 Par
2493 2852 2627 2918 dis-

374 2952 701 3035 crepantia
741 2950 1047 3016 librorum
1091 2950 1375 3032 Apollon.
1421 2950 1455 3014 I
1499 2949 1624 3017 487
1671 2955 1738 3017 et
1778 2950 1906 3016 837
1921 3002 1936 3033 ,
2004 2971 2126 3035 quo
2169 2958 2439 3035 utroque
2482 2956 2626 3022 loco

373 3055 723 3121 Merkelius
768 3052 1036 3130 ἐνίσπες
1079 3071 1115 3118 e
1158 3052 1508 3134 potioribus
1553 3053 1776 3133 edidit,
1843 3054 2012 3135 quod
2074 3072 2258 3120 nemo
2301 3057 2624 3139 improba-

371 3158 551 3239 verit,
599 3157 715 3223 sed
756 3175 837 3222 ne
883 3155 1107 3221 exilius
1153 3154 1382 3222 ἔνισπε
1425 3156 1639 3220 versui
1677 3156 2024 3222 claudendo
2066 3156 2270 3238 impar
2301 3165 2623 3244 putemus,

368 3261 662 3344 prohibet
717 3260 977 3327 Theocr.
1022 3257 1203 3324 XXV
1245 3256 1329 3325 34
1373 3262 1441 3324 et
1486 3257 1694 3335 Quint.
1738 3259 1889 3324 XIV
1932 3257 2080 3339 209,
2122 3260 2188 3324 in
2232 3280 2355 3344 quo
2400 3282 2624 3336 omnes

370 3364 788 3431 consentiunt.
816 3400 889 3412 -
923 3362 1089 3428 Hinc
1108 3361 1654 3445 progredimurad
1677 3362 2140 3428 subiunctivum
2160 3365 2338 3430 verbi
2372 3364 2622 3449 ἐθέλω,

368 3468 545 3534 cuius
589 3485 863 3549 persona
884 3467 1163 3533 secunda
1204 3465 1389 3533 modo
1434 3483 1473 3529 a
1493 3465 1816 3552 praesenti
1838 3465 2109 3531 sumitur
2153 3464 2616 3555 ἐθέλῃσθα,

369 3570 556 3635 1110ᾶο
601 3570 679 3635 ab
723 3569 963 3659 aoristo
1010 3563 1360 3656 ἐθελήσῃς.
1449 3567 1632 3633 Hanc
1675 3566 1938 3633 Nonnus
1982 3568 2048 3636 in
2090 3568 2264 3634 exitu
2313 3589 2621 3639 versuum

364 3662 778 3754 frequentans
813 3672 1129 3738 Homerus
1172 3689 1324 3738 vero
1366 3689 1679 3752 nusquam
1726 3670 2032 3750 admittit,
2091 3671 2213 3736 'sed
2256 3671 2619 3761 ἐθέλῃσθα

366 3775 570 3840 50111111
611 3775 684 3841 Il.
730 3775 763 3841 Ι
807 3774 950 3855 554,
998 3771 1115 3856 Od.
1159 3773 1286 3838 XII
1329 3772 1411 3839 49
1458 3778 1607 3852 etc„
1673 3777 1746 3838 ut
1789 3772 2103 3838 Hesiodus
2148 3791 2396 3856 quoque
2446 3775 2612 3860 Opp.

365 3874 510 3956 392,
557 3877 638 3942 Η.
683 3877 763 3942 Η.
807 3879 875 3943 111
918 3876 1110 3942 Merc.
1162 3874 1309 3957 181,
1379 3871 1664 3958 Apollon.
1709 3874 1808 3940 111
1849 3871 2004 3954 404,
2073 3872 2338 3956 Oppian.
2375 3877 2529 3945 Hal.
2574 3880 2612 3945 1

361 3975 463 4058 56,
507 3977 703 4061 Orph.
749 3979 915 4046 Lith.
960 3979 1105 4045 202.
1509 3974 1513 3985 ’

530 4082 823 4148 Proxime
867 4081 1306 4149 disserendum
1350 4084 1450 4146 est
1493 4080 1581 4145 de
1622 4079 1921 4145 numeri
1969 4078 2235 4143 dualis
2300 4083 2369 4145 et
2431 4082 2610 4163 plu-

362 4185 557 4250 ralis
602 4185 1295 4252 terminationibus
1336 4182 1635 4249 brevibus
1663 4182 2008 4264 longisque,
2055 4181 2110 4247 si
2151 4179 2314 4247 forte
2345 4183 2612 4251 demon-

367 4289 556 4354 strari
598 4291 829 4372 possit,
895 4291 1118 4371 poetas
1160 4288 1229 4355 in
1283 4287 1507 4354 ultimo
1568 4285 1732 4371 pede
1793 4283 2171 4369 praetulisse
2236 4284 2609 4367 longiorem.
