2946 4928
403 359 523 425 nn
570 356 1059 440 sYNAERESI,
1102 356 1505 426 mAERESI
1546 363 1664 427 ete.
1728 358 1904 427 RH„
1949 357 2156 426 (1111.
2201 360 2255 446 §-
2282 362 2341 428 2.
2391 362 2503 429 131

267 522 547 590 secunda
593 517 988 611 ἀναστήσῃς,
1033 539 1117 589 an
1158 520 1353 588 tertia
1394 517 1671 612 ἀναστῇ.
1764 523 2047 607 Ambigit
2087 528 2270 591 vetus
2314 526 2509 592 inter-

263 644 441 710 pres:
471 624 566 714 μή
613 651 678 692 τι
721 621 1037 715 νεώτερον
1081 619 1407 714 ἀνασταίη
1452 622 1676 692 κακόν·
1711 624 1827 694 ἐὰν
1872 624 1947 695 δὲ
1988 616 2036 716 ᾗ
2084 624 2513 717 ἇνασττῖσῃ,

128 727 135 728 ’
268 725 506 808 ὃινοῦς
540 727 760 797 ἔσταιε
806 728 898 813 μὴ
944 723 980 796 ὃ
1006 728 1446 818 νεωτερισμὸς
1487 723 1646 817 ἡμῖν
1678 729 2017 822 ἀναστήσῃ
2053 732 2272 812 κακόν.
2327 734 2520 814 Τινὲς
2589 806 2596 812 ,

270 833 344 901 δὲ
407 833 576 900 κατὰ
644 832 1048 921 συναλοιφὴν
1116 833 1394 901 θέλουσι
1461 858 1662 900 τουτο
1728 831 2149 925 ἐξενηνέχθαι
2210 833 2255 904 α(
2266 862 2300 917 ς
2358 836 2512 925 παρ’

265 929 758 1024 ςΟμὴ(1ῳ,,ἳ’να
819 933 1011 1024 ἷ’βριν
1075 931 1190 1026 ι’δῃ
1249 930 1780 1023 ’Ἀγαμέμνονος“
1848 939 1911 1024 (Ι
1967 939 2122 1024 203)
2189 936 2333 1008 αντὶ
2397 944 2517 1008 τοῦ

278 1033 517 1126 ι’δηαι
564 1035 795 1119 ὀὕτως
860 1033 976 1107 οὗν
1045 1063 1458 1129 αναστησῃ
1526 1038 1670 1108 ἀντὶ
1726 1044 1846 1109 τοῦ
1915 1035 2265 1132 ανάστηαι.
2396 1043 2521 1110 Hic

276 1141 470 1224 igitur
511 1144 602 1209 ita
644 1143 989 1211 arbitratus
1033 1147 1149 1222 est,
1222 1161 1300 1209 ex
1343 1138 1530 1231 ι’ὄηαι
1598 1162 1715 1226 per
1772 1147 2051 1229 systolen
2093 1145 2332 1213 factum
2374 1165 2518 1214 esse

275 1243 484 1324 ιδεαι,
552 1247 698 1312 hinc
763 1250 977 1312 autem
1035 1246 1374 1312 accedente
1440 1247 1606 1312 crasi
1670 1243 1817 1337 ι’δη,
1884 1249 2054 1332 quod
2112 1250 2517 1317 Aristarchus

272 1350 579 1432 praetulit
603 1350 814 1416 Attico
856 1345 1026 1440 ι’δῃς.
1111 1348 1373 1414 Pindari
1417 1350 1773 1431 exemplum
1816 1353 2035 1419 eximit
2066 1352 2520 1419 Schneidewini

275 1455 598 1521 correctio.
663 1453 761 1519 De
783 1451 1136 1519 Homericis
1182 1447 1517 1539 ἐπαυρηαι
1560 1457 1627 1517 et
1671 1450 1935 1544 ἐπαύρῃ
1980 1462 2241 1524 monent
2287 1438 2517 1524 Graeci

271 1556 674 1641 interpretes,
719 1576 776 1624 v.
823 1557 905 1623 ad
948 1556 1188 1622 Buttm.
1232 1553 1299 1618 Π
1348 1554 1488 1621 122.

442 1694 569 1760 Pro
611 1693 823 1761 futuro
879 1688 1292 1779 συμβλήσεαι
1356 1690 1430 1756 11.
1476 1692 1599 1757 XX
1644 1690 1767 1758 335
1835 1686 1995 1760 Lud.
2041 1693 2404 1761 Dindorfius
2448 1697 2515 1761 in

277 1795 459 1862 Thes.
528 1797 597 1862 T.
642 1797 709 1863 II
752 1797 837 1863 90
882 1795 949 1862 C.
995 1801 1061 1862 et
1103 1794 1227 1861 VH
1276 1792 1440 1860 1047
1494 1795 1568 1860 Α.
1636 1795 2100 1864 subiunctivum
2145 1795 2515 1886 συμβλήεαι
2591 1831 2606 1840 ,

272 1900 631 1981 ponendum
677 1906 863 1983 putat
907 1897 1168 1978 diffisuS,
1213 1902 1288 1962 ut
1328 1897 1597 1978 videtur,
1643 1896 1856 1965 futuro
1898 1898 2159 1989 βλήσομ
2169 1928 2259 1978 αι,
2324 1903 2516 1985 idque

274 2003 563 2084 congruit
606 2021 747 2069 cum
789 2004 982 2068 tertia
1024 2018 1297 2084 persona
1335 1997 1648 2087 βλήεται,
1718 2002 1834 2068 sed
1877 2003 2205 2070 doctorum
2248 2004 2518 2071 fratrum

275 2106 438 2171 alter
501 2106 766 2172 retinuit
817 2106 1170 2187 vulgatum.
1301 2102 1660 2171 Admodum
1724 2105 1967 2172 incerta
2036 2113 2137 2173 est
2203 2109 2516 2190 scriptura

272 2209 632 2291 praesentis
674 2208 826 2274 Hes,
852 2206 1011 2290 Opp.
1037 2205 1162 2272 647
1205 2203 1496 2295 βούληαι
1540 2227 1622 2273 an
1663 2203 1966 2292 βούλεαι,
2013 2209 2391 2294 bisyllabum
2435 2230 2518 2276 an

271 2312 687 2395 trisyllabum.

443 2432 540 2500 De
605 2432 1096 2516 consequutione
1161 2429 1470 2497 vocalium
1535 2430 1630 2503 ἷῖιῖ
1690 2428 1847 2495 nihil
1918 2431 2211 2500 subvenit
2262 2439 2517 2517 praeter

272 2536 528 2603 nomina
571 2538 884 2620 quaedam
925 2535 1181 2619 propria
1223 2535 1291 2599 in
1344 2538 1454 2612 ff
1496 2541 1561 2600 et
1602 2536 1739 2616 ἒῖῦξ,
1807 2553 1969 2617 quae
2025 2539 2408 2603 commodius
2450 2539 2517 2604 in

273 2639 542 2705 Dissert.
590 2639 668 2706 de
714 2640 997 2724 Syncope
1041 2651 1107 2722 p.
1149 2636 1274 2704 256
1319 2642 1596 2704 tractata
1641 2642 1807 2704 sunt.

388 2838 393 2842 .
445 2782 568 2849 ET
611 2777 883 2861 synizesi
948 2780 1314 2860 coartantur
1377 2776 1698 2842 interdum
1761 2777 1829 2841 in
1880 2776 2131 2842 nomine
2184 2772 2369 2857 θεοί,
2440 2774 2514 2843 cf.

272 2882 594 2948 Muetzell.
641 2882 720 2947 de
765 2881 998 2962 Theog.
1032 2900 1092 2962 p.
1126 2880 1228 2959 37,
1274 2878 1388 2944 sed
1431 2879 1631 2945 crasis
1676 2879 1965 2962 exempla
2009 2877 2195 2944 affert
2236 2879 2277 2945 J
2279 2896 2514 2944 oannes

272 2985 417 3051 Ace.
467 2983 565 3050 15.
614 2982 691 3049 19
738 2981 1104 3071 συναλοιφή
1153 2983 1502 3058 σκελοῖν,
1549 2986 2133 3068 Δημοσθενοῒν
2198 2987 2264 3049 et
2305 2981 2508 3049 Hero-

273 3087 501 3153 dianus
544 3088 624 3153 de
670 3085 877 3152 Genit.
921 3103 1138 3168 parag.
1183 3084 1329 3150 238.
1380 3084 1457 3151 15
1506 3085 1575 3150 Τ.
1620 3084 1719 3149 III
1765 3079 1802 3151 ὃ
1851 3080 2079 3164 ἁλιεύς
2128 3089 2247 3152 τοῦ
2293 3082 2514 3164 ἁλαῖς·
2558 3112 2567 3118 ·

272 3189 350 3256 τὸ
395 3189 615 3259 δυῖκὸν
675 3186 775 3268 ἐἷς
828 3188 947 3274 τὴν
994 3193 1045 3261 οἶ
1087 3189 1593 3278 συναλείφουσιν
1631 3182 1945 3273 Ἀττικοί,
2015 3189 2129 3253 sed
2172 3189 2238 3253 in
2281 3189 2515 3254 nostris

273 3294 460 3361 aliter
504 3293 891 3361 scribuntur:
951 3292 1222 3358 πολέσιν
1267 3298 1405 3374 etc„
1470 3314 1530 3359 v.
1575 3291 1926 3358 Mehlhorn.
1992 3310 2051 3372 p.
2102 3290 2222 3356 177
2267 3291 2410 3355 adn.
2455 3292 2514 3355 2.

132 3476 143 3481 ,
272 3396 557 3463 Ionicum
625 3392 907 3483 θεοίμην
952 3395 1216 3480 (Buttm.
1263 3395 1297 3461 I
1337 3416 1399 3479 p.
1446 3394 1601 3479 517)
1667 3399 1734 3461 et
1795 3392 1993 3459 verba
2044 3393 2324 3475 legitime
2370 3412 2512 3470 con-

271 3506 480 3568 tracta
524 3496 847 3587 φιλοίμην
891 3503 1008 3565 etc.
1051 3499 1510 3582 praetermitto.

441 3619 585 3686 Non
649 3620 858 3685 minus
923 3620 1078 3685 trita
1131 3624 1280 3686 sunt
1331 3617 1666 3702 participia
1708 3618 1774 3684 in
1818 3653 2022 3693 εουσα
2067 3619 2249 3690 οἶῖῐα.
2337 3617 2514 3682 Haec

273 3724 517 3806 epsilon
580 3723 760 3789 verbi
822 3722 1232 3788 thematicum
1286 3727 1571 3788 servant:
1637 3724 1922 3805 θέουσα,
1970 3722 2215 3804 χέουσα
2259 3725 2514 3802 praeter

271 3820 455 3899 οὖσα,
505 3828 847 3906 συνδοῦσα,
897 3829 1280 3893 καταόοὕσα
1325 3828 1399 3890 ut
1442 3829 1657 3891 cetera
1684 3828 1860 3893 verbi
1894 3828 2016 3895 δέω
2050 3825 2513 3891 inclinamenta.

266 3923 503 3995 Ἐοῦσα
544 3946 851 4012 persaepe
895 3928 1239 4009 Homerus,
1309 3929 1535 3994 semel·
1562 3921 1731 3995 οὖσα
1782 3930 2115 4012 usurpavit
2155 3933 2359 3994 metro
2405 3929 2513 3992 de-

273 4032 552 4098 vinctum
619 4030 736 4097 Od.
790 4028 946 4097 XIX
989 4030 1136 4113 489,
1206 4031 1319 4096 sed
1385 4049 1463 4096 ex
1524 4031 1773 4123 hymnis
1839 4031 2192 4098 Homericis
2260 4031 2517 4097 sustulit

272 4134 677 4202 Hermannus
742 4135 826 4200 ad
890 4134 1083 4218 Orph.
1148 4133 1279 4200 824
1343 4135 1730 4202 correctione
1794 4128 2094 4218 perfacili.
2131 4173 2202 4182 —-
2252 4131 2515 4214 Epsilon

273 4238 722 4322 paragogicum
765 4236 927 4319 epici
968 4238 1339 4325 plerumque
1383 4239 1702 4320 integrum
1746 4244 2105 4321 praestant:
2162 4234 2509 4323 φιλέουσα,

275 4360 391 4408 nec
417 4361 566 4408 raro
587 4343 653 4406 in
675 4377 734 4413 ev
685 4342 1175 4407 '‘:contrahunt
1207 4345 1518 4425 νεικεῦσι,
1544 4339 1867 4425 εισοιχνεῖῖ
1854 4366 1937 4409 σι
1962 4331 2512 4488 Ηοὲ1*,,υμνεῦσα,
