2946 4928
396 335 521 406 124
1171 337 1729 406 DISSERTATIO
1791 339 1900 406 VI.

393 501 653 585 fingunt,
727 507 946 569 natum
992 508 1281 585 censent,
1339 501 1414 569 cf.
1459 503 1648 569 Proll.
1694 502 1778 569 38
1820 522 1910 586 sq.
2040 502 2240 570 Nobis
2284 504 2363 570 de
2406 505 2628 571 huius-

392 605 563 672 modi
604 606 926 672 vocabulis
968 607 1288 673 iudicandi
1331 605 1601 672 facultas
1643 625 1769 672 non
1814 608 2001 673 datur
2017 606 2087 690 ²).
2137 643 2210 654 —
2260 606 2440 673 Idem
2484 626 2630 679 con-

392 707 699 777 fitendum
758 716 864 776 est
930 712 1010 776 de
1077 709 1455 793 appellativo
1502 704 1754 793 Ζάειρα
1797 704 2194 792 ἐπιβόλαιον
2248 709 2448 793 Phot.,
2516 731 2632 795 pro

393 831 517 896 quo
565 813 749 899 ζείρα
794 814 1040 894 dicitur,
1087 815 1202 880 sed
1242 813 1429 879 huius
1470 830 1722 893 quoque
1767 812 1942 894 origo
1985 812 2372 880 abscondita.
2401 852 2474 863 ——
2507 813 2634 882 Sed

393 915 728 983 manifesto
801 920 1056 982 tenetur
1132 915 1499 998 compositio
1580 915 1874 981 adiectivi
1948 910 2137 1002 ἀϊκὴς
2209 921 2278 982 et
2350 918 2634 986 adverbii

395 1017 598 1099 ἀϊκῶς
614 1019 684 1103 ³),
731 1038 894 1103 quae
940 1019 1141 1085 critici
1171 1018 1428 1101 tragicis
1463 1038 1580 1101 pro
1613 1018 1940 1102 bisyllabis
1971 1020 2341 1102 attribuunt,
2387 1042 2444 1088 v.
2467 1021 2633 1088 Her-

314 1208 319 1213 ·
393 1143 600 1191 mann.
625 1123 708 1188 ad
727 1122 934 1188 Prom.
961 1121 1103 1203 473,
1148 1122 1257 1187 ubi
1299 1122 1446 1187 libri
1492 1117 1727 1200 ἀεικῶς
1751 1122 2048 1188 exhibent
2091 1129 2383 1206 correpta
2404 1126 2633 1207 media,

393 1233 460 1294 et
525 1227 617 1292 sic
682 1226 831 1292 olim
897 1245 937 1291 a
1001 1225 1317 1290 nonnullis
1385 1225 1692 1307 scriptum
1756 1242 1898 1290 esse
1963 1231 2231 1308 apparet
2299 1245 2377 1293 ex
2442 1228 2633 1299 schol.

393 1331 465 1397 Il.
510 1328 700 1395 XXII
743 1327 870 1394 336
939 1323 1142 1406 ἀϊκῶς
1207 1324 1271 1395 οἱ
1312 1327 1433 1411 μὲν
1478 1323 1898 1408 δισυλλάβως
1944 1323 2108 1395 aito
2157 1330 2632 1418 προφέρονται.

398 1431 461 1501 οἱ
508 1433 584 1502 δὲ
624 1427 1075 1499 συνεστάλθαι
1122 1427 1316 1521 φασί.
1383 1431 1497 1496 sed
1544 1431 1822 1513 systolen
1864 1433 2112 1514 respuit
2153 1434 2637 1517 tetrasyllabum

396 1532 726 1615 ἀεικέλιος
787 1534 939 1601 Eur.
984 1534 1180 1601 Andr.
1232 1533 1348 1600 131
1419 1539 1487 1599 et
1550 1534 1617 1599 in
1673 1536 1886 1617 epigr„
1952 1553 2149 1618 quare
2216 1536 2319 1602 hic
2385 1555 2635 1620 quoque

164 1686 168 1691 »
256 1710 261 1716 ,
396 1638 687 1719 αἱκέλιος
728 1639 1113 1705 rescribitur.
1222 1637 1299 1704 In
1343 1637 1739 1703 substantivo
1781 1656 1930 1704 vero
1980 1633 2167 1704 αἰκία
2225 1638 2385 1704 haec
2439 1640 2636 1706 orasis

396 1748 491 1814 ita
533 1742 926 1823 irroboravit,
972 1747 1047 1807 ut
1090 1736 1309 1808 ἀεικία
1376 1741 1508 1807 sive
1556 1736 1805 1808 ἀείκεια
1852 1740 2002 1806 solis
2045 1741 2442 1824 relinquatur
2484 1761 2635 1825 poe-

386 1833 497 1917 tis,
547 1885 620 1896 -
671 1846 881 1928 Atque
925 1846 1044 1910 hoc
1087 1844 1464 1910 Eustathius
1507 1864 1568 1927 p.
1615 1842 1674 1909 9.
1720 1842 1804 1910 29
1849 1849 1917 1909 et
1963 1842 2145 1910 1336.
2194 1844 2277 1911 60
2322 1847 2639 1930 componit

397 1953 640 2019 duobus
686 1949 897 2017 verbis
942 1948 1234 2031 poeticis:
1281 1943 1369 2027 ὦς
1413 1943 1554 2015 ἀπὸ
1598 1953 1718 2014 τοῦ
1761 1944 2006 2035 ἀείρω
2050 1947 2161 2014 καὶ
2208 1947 2514 2038 φαείνω
2558 1948 2636 2017 τὸ

397 2054 588 2141 αἶ’ρω,
639 2049 860 2143 φαίνω
907 2048 1213 2139 γίγνεται,
1273 2048 1481 2128 οὕτως
1524 2047 1663 2118 ἀπὸ
1709 2056 1848 2118 τοῦ·
1873 2045 2142 2133 ἀεικίζω
2188 2052 2298 2119 καὶ
2341 2059 2459 2141 τῆς
2502 2048 2638 2121 ἀει·-
2712 2139 2718 2143 .

397 2155 545 2237 κίας
609 2157 684 2222 τὸ
768 2146 1001 2236 αἶκίζω
1076 2152 1184 2219 καὶ
1255 2147 1297 2240 ἡ
1365 2150 1566 2220 αἰκία.
1697 2153 1794 2218 De
1870 2155 2296 2220 contractione
2367 2156 2639 2222 assentit

396 2261 539 2329 EM.
589 2258 731 2345 789.
779 2256 862 2323 56
909 2252 1048 2324 ἀπὸ
1095 2259 1214 2322 τοῦ
1263 2255 1512 2345 φαείνω
1559 2251 1872 2346 ἀποβολῇ
1915 2261 2035 2325 τοῦ
2067 2261 2097 2330 ἔ
2130 2258 2242 2325 καὶ
2265 2258 2641 2344 συναιρέσει

400 2362 622 2453 φαίνω
669 2357 759 2441 ὥς
805 2357 1011 2448 ἀείρω
1059 2355 1247 2446 αἴρω.
1341 2358 1677 2441 Optionem
1719 2359 1900 2425 nobis
1946 2360 2058 2426 dat
2087 2361 2278 2428 schol.
2301 2361 2374 2427 Il.
2403 2361 2495 2428 IV
2516 2360 2640 2428 142

330 2505 335 2510 -
401 2466 570 2557 φασί
635 2491 804 2545 τινες
870 2464 985 2552 τὴν
1032 2460 1329 2551 Κάειραν
1397 2466 1839 2551 διαιρεῖσθαι,
1910 2458 1971 2530 οἱ
2035 2463 2108 2532 δὲ
2177 2460 2267 2545 ὡς
2321 2460 2461 2533 ἀπὸ
2520 2473 2640 2535 τοῦ

402 2569 617 2659 φαίνω
662 2564 939 2658 φαείνω.
1029 2566 1132 2632 Ad
1172 2566 1605 2646 iudicandum,
1670 2572 1818 2632 utra
1858 2567 1962 2632 via
2003 2568 2100 2653 ii,
2144 2569 2253 2651 qui
2309 2570 2498 2651 primi
2540 2570 2641 2636 his

398 2674 656 2741 vocibus
699 2673 802 2739 usi
844 2676 1009 2751 sunt,
1053 2668 1509 2753 processerint,
1578 2673 1790 2735 certae
1842 2671 2023 2738 nobis
2067 2672 2346 2738 rationes
2392 2673 2640 2739 desunt.

399 2778 825 2844 Buttmannus
870 2775 1125 2858 quidem
1194 2773 1262 2837 in
1303 2769 1519 2836 Indice
1564 2770 1786 2837 Anom.
1832 2772 1898 2838 Π
1942 2772 2062 2841 311
2114 2769 2319 2864 ἀείρω
2362 2775 2641 2843 Homero

398 2880 710 2948 familiare
771 2876 1081 2962 bisyllabo
1155 2874 1532 2957 antiquitate
1611 2869 1985 2941 antecedere
2060 2879 2288 2944 statuit
2348 2880 2643 2963 idemque

401 2984 685 3049 decernit
727 2983 806 3048 de
853 2978 1110 3068 φαείνω
1154 2984 1222 3046 et
1266 2975 1507 3068 φαίνω.
1622 2976 1801 3043 Alius
1858 2979 2088 3046 dixerit
2139 3000 2179 3060 a
2222 2979 2376 3068 φάω
2420 2984 2645 3050 eodem

399 3092 611 3154 tractu
655 3086 780 3151 duo
823 3083 1019 3150 verba
1060 3084 1367 3166 producta
1392 3100 1553 3162 esse,
1592 3078 1813 3169 φαίνω
1859 3087 1926 3147 et
1949 3078 2228 3168 φαείνω,
2275 3086 2432 3152 illud
2471 3087 2644 3153 intus

401 3196 657 3260 auctum
699 3193 773 3255 ut
812 3185 1040 3273 βαίνω,
1090 3183 1356 3274 δραίνω,
1400 3185 1520 3250 hoc
1543 3185 1932 3250 extrinsecus
1954 3189 2029 3249 ut
2049 3179 2342 3266 ἀλεείνω,
2378 3186 2643 3277 &vestm

404 3296 517 3383 [ad
560 3294 800 3360 Buttm.
846 3291 914 3357 II
955 3309 1016 3386 p.
1062 3289 1218 3370 312,
1262 3289 1485 3354 Rhem.
1536 3286 1677 3368 138,
1721 3287 2008 3370 Prolegg.
2055 3287 2183 3376 39].
2236 3328 2309 3339 -
2361 3291 2645 3357 Tertium

403 3402 667 3467 adnotat
711 3380 1185 3463 Choeroboscus
1224 3394 1291 3458 in
1332 3391 1478 3458 EM.
1503 3392 1605 3457 21.
1652 3389 1692 3457 9
1735 3396 2039 3474 tanquam
2085 3393 2306 3459 eadem
2349 3412 2641 3476 passum.

314 3509 318 3513 ’
402 3504 476 3571 τὸ
547 3498 796 3568 ἀείδω
862 3492 1006 3590 ᾄδω
1075 3493 1307 3583 κράσει
1371 3499 1493 3564 τοῦ
1557 3531 1583 3568 ε
1666 3495 1775 3561 καὶ
1860 3533 1898 3566 α
1971 3493 2065 3575 εἷς
2125 3536 2161 3568 a
2219 3495 2470 3583 μακρὸν
2535 3495 2647 3563 καὶ

402 3603 772 3692 συναιρέσει
816 3605 936 3668 τοῦ
982 3638 1017 3671 α
1080 3598 1188 3666 καὶ
1227 3605 1269 3670 ἶ
1322 3597 1416 3678 εἰς
1459 3600 1576 3689 τὴν
1618 3638 1654 3689 a
1615 3595 2094 3690 δίφθογγον.
2182 3598 2410 3666 Differt
2453 3598 2649 3682 igitur

404 3728 446 3776 a
465 3706 710 3774 duobus
753 3706 896 3787 illis,
941 3722 1104 3788 quae
1143 3704 1598 3787 diphthongum
1643 3706 1964 3789 propriam
2005 3705 2260 3785 habent,
2307 3697 2451 3791 ᾄδω
2493 3721 2645 3769 vero

431 4008 435 4012 ·
544 3982 602 4047 2)
639 3985 794 4049 Quod
828 3984 1130 4049 Hesychius
1175 3983 1409 4036 servavit
1442 3984 1640 4055 Κραρᾶ
1676 3962 2063 4049 πέπονθεᾶἡν
2097 3975 2347 4051 κεφαλήν
2378 3996 2485 4032 non
2521 3980 2647 4032 sub·

403 4074 689 4126 stantivum
725 4076 821 4135 est,
866 4076 926 4121 ut
960 4071 1271 4136 interpretes
1311 4075 1551 4136 sumunt,
1588 4071 1683 4123 sed
1715 4071 1936 4123 verbum
1970 4070 2192 4152 κραιρᾷ.
2253 4060 2446 4140 ,Κάραι
2480 4069 2652 4119 συκαῖ.
2679 4139 2687 4144 q

400 4161 531 4215 Hes.
568 4159 723 4212 scrib.
758 4156 944 4229 Κάραι
978 4157 1036 4208 id
1070 4162 1149 4209 est
1183 4155 1398 4209 caricae.

541 4262 601 4323 3)
634 4260 835 4315 Anecd.
869 4260 1041 4313 Bckk.
1077 4256 1199 4315 360.
1234 4257 1305 4313 26
1340 4259 1512 4320 αἰκῶς
1545 4254 1886 4336 δισυλλάβως
1937 4252 2050 4312 ἀπὸ
2087 4258 2181 4325 τῆς
2216 4258 2410 4318 αἰκίας.
2488 4250 2646 4311 Οὕτω

410 4346 674 4418 Πλάτων,
711 4351 805 4402 sed
841 4349 1158 4418 apud-‘hunc
1192 4364 1363 4417 neque
1396 4349 1501 4401 hoc
1534 4364 1705 4418 neque
1740 4349 1959 4402 alterum
1993 4347 2267 4400 invenitur.
