2946 4928
411 338 538 406 172
1168 333 1729 430 mssnnrA'rIo
1793 336 1936 404 vn.

407 502 527 569 His
573 506 788 568 autem
832 502 1122 568 omnibus
1162 502 1471 585 probatur
1484 552 1499 582 ,
1566 499 1924 584 participia,
1992 502 2072 567 de
2137 500 2366 584 quibus
2409 465 2670 585 loquor,
2783 518 2791 530 ’

406 624 634 688 neque.
657 623 909 688 semper
950 605 1187 672 habere
1232 623 1571 671 consonam
1592 624 1798 689 neque
1826 622 2166 694 nunquam,
2210 605 2497 687 regulam
2537 625 2654 672 au-

405 715 539 775 tem
582 708 769 774 huius
790 708 1246 775 inconstantiae
1291 709 1498 778 adhuc
1539 710 1859 776 inventam
1881 727 2006 774 non
2037 725 2198 788 esse,
2242 727 2449 792 neque
2494 709 2653 794 stig-

405 831 551 878 men
595 811 932 878 discrimen
973 811 1186 878 facere
1228 830 1435 895 neque
1477 813 1722 879 hiatum
1767 818 1958 895 atque
2002 811 2172 902 ‘adeo
2236 817 2384 894 post
2443 830 2654 894 voceS,

406 936 569 999 quae
615 935 729 1000 per
774 935 843 982 se
884 914 1200 980 binarium
1237 914 1609 998 significant,
1656 936 1733 983 ex
1774 916 2109 983 intervallo
2150 915 2340 980 modo
2382 916 2654 997 plurati-

404 1040 555 1088 vum
599 1020 805 1103 sequi:
854 1017 971 1087 δύο
1021 1018 1212 1105 ἀνέρε
1241 1056 1313 1067 -
1345 1018 1564 1102 θυμὸν
1611 1018 1869 1102 ἔχοντες
1910 1018 1982 1083 11.
2003 1018 2156 1084 XVI
2198 1016 2342 1100 218,
2390 1022 2513 1084 νῶϊ
2525 1044 2651 1103 μα-

401 1118 755 1213 χησὸμεθα
804 1161 876 1171 -
926 1122 1232 1206 μένοντες
1274 1120 1458 1187 XVII
1505 1118 1648 1201 719,
1695 1123 1880 1210 σφῶϊ
1921 1159 1993 1169 —-
2047 1117 2477 1209 πειρήναντες
2530 1122 2651 1190 od.

405 1225 595 1293 XXII
640 1223 760 1290 175
808 1231 955 1306 etc.;
1004 1226 1118 1291 sed
1160 1243 1276 1307 pro
1308 1242 1385 1290 eo
1407 1224 1600 1289 etiam
1632 1225 1885 1291 dualem
1907 1209 2273 1300 succedere·
2319 1217 2492 1295 εἶδεν
2523 1224 2648 1294 δύο

407 1333 585 1417 φῶτε
632 1366 705 1377 -
745 1328 1017 1413 μένοντε
1055 1329 1134 1394 Il.
1179 1329 1238 1395 V
1282 1326 1426 1407 572,
1473 1319 1670 1414 ἄνδρε
1717 1326 1835 1396 δύο
1866 1366 1933 1377 -
1970 1325 2195 1396 ἑλόντε
2237 1329 2459 1395 XXIII
2502 1328 2651 1411 803,

403 1439 519 1517 pro
562 1451 687 1515 quo
727 1437 942 1499 tamen
985 1431 1051 1496 in
1096 1431 1286 1519 schol.
1333 1426 1597 1511 ἑλόντες
1626 1433 1931 1514 scriptum
1974 1436 2089 1530 est.
2118 1469 2190 1481 —-
2240 1432 2359 1498 His
2389 1437 2653 1515 propter

390 1538 678 1619 sspeciem
690 1536 1150 1621 participialem
1172 1535 1409 1601 addere
1430 1536 1590 1602 libet
1606 1537 1730 1602 duo
1755 1536 2151 1602 substantiva
2174 1538 2213 1602 δ
2225 1561 2264 1622 ρ
2278 1531 2319 1601 ά
2333 1562 2371 1600 κ
2385 1561 2422 1603 ο
2436 1563 2470 1603 ν
2481 1561 2517 1602 τ
2530 1562 2561 1602 ε
2586 1535 2626 1623 Η

406 1637 565 1713 δοιώ
606 1641 759 1720 Hes„
802 1639 971 1706 Scut„
1017 1637 1173 1719 233,
1229 1633 1349 1707 δύο
1390 1636 1729 1721 ’στείβουσι
1777 1635 2085 1724 δράκοντε
2129 1638 2394 1706 Nicand.
2461 1639 2649 1707 Ther.

405 1742 549 1824 609,
595 1763 719 1827 quo
762 1748 1031 1826 utroque
1072 1743 1211 1810 loco
1254 1741 1501 1809 codices
1543 1742 1825 1808 nonnulli
1865 1743 2177 1825 pluralem
2220 1744 2535 1826 exhibent,
2581 1749 2652 1810 et

404 1848 778 1914 conveniens
821 1847 916 1912 illi
943 1839 1169 1934 α’μφω
1217 1844 1408 1930 κέρσε
1476 1845 1795 1913 τένοντε
1848 1847 1921 1912 Π.
1964 1848 2025 1913 V
2068 1846 2211 1973 307,
2257 1848 2318 1912 X
2361 1845 2506 1928 456,
2553 1848 2646 1913 al

401 1953 525 2016 teri
568 1949 912 2033 lespondet
937 1943 1197 2029 vulgata
1242 1950 1383 2011 τοῖο
1429 1947 1728 2027 τένοντας
1750 1948 1901 2016 XVI
1944 1949 2089 2032 587,
2122 1925 2301 2038 αμφὶ
2344 1950 2650 2031 τένοντας

403 2053 588 2120 XVII
632 2052 760 2119 290
803 2052 976 2117 nullo
1020 2049 1235 2117 addito
1278 2050 1532 2116 nomine
1573 2052 1913 2133 numerali3
1960 2054 2074 2119 sed
2117 2054 2362 2120 codices
2391 2055 2646 2137 utrique

403 2157 654 2222 dualem
699 2158 1076 2238 supponunt.
1164 2152 1261 2218 De
1308 2152 1424 2220 Od.
1468 2153 1570 2219 III
1612 2152 1738 2220 449
1800 2150 2105 2246 ἀπέκοψε
2149 2156 2449 2235 τένοντας
2512 2157 2646 2223 edi-

402 2266 574 2327 tores
618 2260 774 2325 nihil
816 2277 932 2324 nos
977 2259 1258 2323 edocent.
1288 2295 1359 2304 —
1387 2257 1629 2323 Ultimo
1653 2259 1982 2326 subiiciam
2027 2258 2494 2327 substantivum
2512 2260 2644 2343 pri-

404 2365 693 2430 mitivum
732 2360 1088 2440 ,Φαίνοπος
1132 2350 1232 2427 υἷε
1262 2353 1531 2449 ΙΙόίμφω
1579 2362 1910 2450 τηλυγέτω
1954 2362 2029 2429 Il.
2073 2362 2132 2429 V
2181 2360 2320 2428 152.

459 2475 472 2482 “
529 2519 537 2525 .
576 2469 630 2554 ἕ.
675 2467 735 2533 4.
821 2463 963 2533 Non
986 2466 1228 2531 minore
1249 2463 1546 2532 libertate
1571 2467 1771 2549 gavisi
1803 2472 1951 2533 sunt
1991 2464 2433 2533 fabularum
2477 2486 2646 2535 sce-

400 2576 748 2641 nicarum
794 2575 1186 2638 auctores,
1273 2568 1360 2636 Hi
1404 2569 1573 2634 enim
1617 2588 1811 2652 quum
1852 2589 1968 2653 pro
2013 2569 2263 2637 casibus
2309 2571 2647 2654 singularis

400 2678 664 2759 numeri,
709 2675 818 2758 qui
860 2693 1056 2740 unum
1087 2676 1338 2755 tempus
1380 2672 1446 2735 in
1470 2672 1643 2736 exitu
1676 2672 1931 2753 habent,
1978 2672 2364 2741 substituere
2383 2681 2649 2758 possent

400 2781 678 2864 plurales
692 2831 707 2862 ‚
777 2776 886 2861 qui
928 2794 1125 2842 unum
1170 2779 1237 2841 et
1279 2775 1472 2841 semis
1482 2774 1530 2858 ¹)
1575 2775 1677 2841 vel
1721 2776 1864 2857 duo,
1894 2764 2028 2843 'hoc
2071 2778 2499 2859 promtissimo
2540 2797 2673 2844 111-ι

398 2882 605 2951 medio
647 2883 749 2949 usi
792 2898 918 2946 non
953 2883 1126 2958 sunt,
1193 2878 1308 2947 sed
1373 2880 1727 2960 promiscue
1772 2879 2064 2945 dixerunt
2122 2877 2202 2949 σύ
2247 2876 2312 2965 μ’
2361 2880 2437 2961 ἐξ
2478 2875 2646 2950 ὀδοῦ

400 2986 609 3073 πζόδα
637 2981 959 3074 Ηκρύψον
1006 2982 1161 3047 Oed.
1192 2980 1275 3064 C.
1325 2980 1444 3046 113
1492 2987 1559 3048 et
1602 2986 1749 3048 ante
1795 2984 2071 3051 vocalem
2114 2980 2485 3069 πόδαΙΙεῖς
2528 2986 2649 3065 τὰς

393 3087 688 3177 Ἀθήνας
731 3085 1002 3173 ἔπεμψε
1046 3084 1192 3166 Iph.·
1208 3083 1276 3149 T.
1321 3084 1464 3166 910,
1513 3084 1710 3171 ἐκβὰς
1755 3083 1934 3154 πόδα
1960 3086 2178 3173 Ηέστη
2201 3088 2452 3155 Heracl.
2497 3088 2642 3171 798,

405 3190 833 3281 ἀναστρέψαι
903 3184 1082 3255 πόδα
1110 3181 1569 3274 ΙΙἾππόλυτος
1610 3189 1801 3272 Hipp.
1876 3189 2059 3271 1174,
2128 3198 2305 3283 περᾷ
2371 3188 2617 3278 ‘addan

392 3294 819 3391 Ἀγαμέμνων
860 3292 1014 3360 Hec.
1081 3290 1194 3373 53,
1262 3295 1329 3357 ct
1390 3292 1668 3358 vicissim
1736 3288 2058 3381 ἀπεζύγην
2124 3291 2404 3382 πόδαςΙΙ
2432 3287 2643 3383 ἔγνως

418 3558 472 3617 l)
494 3532 727 3621 ΤὴνΩΣ
737 3553 1115 3624 γραμματικοὶ
1133 3554 1390 3622 λέγουσιν
1407 3546 1549 3607 εἶναι
1568 3545 1668 3613 δύο
1680 3545 1923 3631 χρόνων,
1949 3551 2003 3603 οἱ
2022 3548 2084 3604 δὲ
2105 3550 2369 3622 ῥυθμικοὶ
2397 3545 2500 3606 δύο
2520 3547 2641 3621 ἠμί-

399 3652 549 3700 σεως·
587 3635 688 3695 δύο
722 3639 832 3709 μὲν
868 3640 964 3693 τοῦ
1001 3659 1063 3706 ω,
1090 3635 1327 3706 ἡμίσεως
1361 3638 1425 3692 δὲ
1455 3634 1666 3711 χρόνου
1702 3638 1798 3691 τοῦ
1844 3651 1880 3689 σ
1915 3638 2080 3690 schol.
2115 3637 2403 3704 Hephaest.
2439 3657 2493 3706 p.
2541 3637 2645 3694 150

400 3730 566 3785 Gaisf.
600 3730 644 3781 Ι.
716 3729 801 3780 Ex
834 3728 939 3779 hac
973 3728 1176 3778 ratione
1211 3741 1367 3778 casus
1403 3725 1632 3792 plurales
1670 3717 1944 3795 φυγόντες
1978 3724 2041 3776 11.
2077 3724 2181 3775 XII
2217 3719 2336 3786 322,
2373 3725 2514 3790 quod
2532 3725 2642 3791 ple-

395 3819 547 3883 rique
581 3815 752 3880 codd„
790 3813 1004 3882 ἔχοντες
1039 3814 1164 3865 xm
1198 3808 1304 3864 200
1338 3821 1392 3865 et
1424 3811 1717 3880 μεμαῶτες
1749 3811 1901 3863 XVII
1935 3808 2064 3876 531,
2109 3825 2244 3877 quae
2277 3811 2519 3862 nonnulli
2553 3828 2642 3864 ex-

397 3902 597 3967 hibent,
633 3917 667 3954 a
701 3901 889 3968 regula
924 3900 1322 3953 Hermanniana
1355 3899 1573 3965 propius
1608 3898 1802 3950 absunt
1836 3913 1992 3965 quam
2011 3896 2196 3949 duales
2231 3898 2523 3965 antiquitus
2557 3912 2639 3950 re·

399 3990 553 4055 cepti.
626 3987 732 4040 Sed
767 3970 926 4054 quum
962 3988 1102 4038 idem
1139 3977 1270 4038 ὄσσε
1307 3977 1523 4053 φαεινώ
1557 3984 1685 4036 XIV
1719 3978 1824 4038 236
1856 3985 1913 4034 111
1949 3985 2295 4055 exitu-versus
2314 3983 2513 4036 diceret
2545 3984 2640 4035 ali·

395 4080 475 4125 ter
511 4089 669 4140 quam
703 4074 759 4123 in
794 4073 966 4125 medio
1003 4065 1135 4123 ὄσσε
1171 4065 1378 4141 φαεινὰ
1406 4068 1611 4135 πέδησε
1628 4069 1758 4120 XIII
1776 4067 1879 4123 435
1915 4075 1967 4121 et
1982 4068 2085 4121 VII
2103 4066 2206 4121 279
2222 4071 2430 4136 μηκέτι,
2469 4067 2639 4122 παῖδε

399 4157 563 4229 φίλω,
603 4160 916 4220 πολεμίζετε
951 4155 1093 4226 μηδὲ
1127 4150 1438 4227 μόχεσθον,
1472 4173 1582 4208 11011
1600 4159 1893 4224 graviorem
1912 4171 2095 4207 sonum
2114 4157 2363 4221 captavit,
2398 4155 2493 4206 sed
2519 4147 2669 4210 eum‘

398 4261 672 4298 numerum
706 4246 972 4314 praetulit,
1010 4261 1164 4317 quem
1199 4245 1448 4312 analogia
1482 4245 1731 4313 postulat,
1767 4247 1990 4296 metrum
2025 4257 2131 4294 non
2165 4241 2423 4309 repudiat.
2460 4236 2533 4309 [v.
2572 4241 2639 4294 de
2693 4282 2700 4289 .

396 4332 563 4398 Apoc.
598 4348 714 4400 cap.
751 4333 779 4384 1
813 4334 859 4396 ὅ.
896 4330 967 4399 2.]
