2946 4928
409 341 511 410 '52
1205 340 1764 409 DISSERTATIO
1827 340 1937 409 VI.
1969 386 1980 400 .

423 502 586 590 κρέὰ
630 501 723 585 ὡς
766 500 1075 573 Ναύσικᾶ
1119 504 1423 577 Choerob.
1469 504 1614 572 389.
1699 502 2005 595 Ἀθηυᾶα
2047 504 2236 571 hodie
2279 522 2405 569 non
2435 504 2671 586 legitur

422 609 547 674 nisi
589 610 657 674 in
698 608 976 674 carmine
1019 609 1277 690 Dorico,
1327 617 1621 693 correpta
1662 609 2012 692 penultima
2032 657 2048 689 ‚
2096 608 2210 673 sed
2253 608 2400 674 hinc
2440 625 2670 674 nomen

428 711 587 777 deae
652 712 958 777 usitatum
1021 713 1331 794 repetitur
1392 713 1460 777 in
1525 713 1757 779 Lexico
1800 711 2017 777 Herm.
2084 711 2140 796 §-
2186 710 2269 775 70
2324 730 2384 793 p.
2430 709 2557 776 329
2624 703 2666 797 ἢ

421 810 663 901 Ἀθήνη
732 814 900 880 κατὰ
967 813 1370 903 παραγωγὴν
1415 814 1660 903 ἐλέχθη
1701 810 2046 902 Ἀθηναία·
2114 808 2442 892 ἐξελόντες
2485 812 2561 880 δὲ
2606 809 2673 879 οἶ

426 912 698 1003 ὕστερον
742 914 817 983 τὸ
865 921 918 988 ἰ’
957 914 1264 1006 Ἀθηνάα
1310 909 1525 985 εἶπον·
1588 921 1781 983 τοῦτο
1833 917 1955 1001 μὲν
1999 909 2116 984 οὖν
2161 911 2487 1005 ἄχρηστον
2532 912 2670 983 &Ya-

431 1038 575 1087 σαν·
620 1024 854 1108 κρᾶσιν
899 1022 974 1089 δὲ
1018 1017 1454 1109 ποιησάμενοι
1473 1015 1769 1107 Ἀθηνᾶν
1815 1023 2088 1086 καλοῦσι
2126 1019 2673 1105 περισπωμένως.

431 1122 840 1194 contractum
871 1129 942 1189 Ν
941 1128 1180 1191 αυσικᾶ
1227 1123 1396 1206 apud
1418 1123 1799 1189 Pausaniam
1841 1123 2090 1204 legitur.
2109 1159 2180 1169 —
2205 1121 2674 1205 Appellativum

433 1224 611 1292 addit
651 1222 1027 1292 Eustathius
1078 1220 1601 1305 1944.8Al'³.mg
1644 1223 2000 1304 Διονύσιος
2045 1225 2239 1309 λέγει,
2289 1222 2390 1292 ὅτι
2439 1222 2673 1302 ἐλαίας

426 1328 537 1394 καὶ
580 1326 782 1408 ἐλάας
804 1324 1093 1395 Ἀττικοὶ
1144 1328 1252 1394 cclv
1298 1329 1558 1413 καρπὸν
1605 1327 1830 1416 ἔλεγον
1876 1329 1987 1396 καὶ
2035 1327 2191 1407 ἕλᾶς
2236 1324 2669 1410 δισυλλάβως.

428 1431 568 1498 Ηοο
614 1432 782 1498 docti
825 1431 1075 1498 Alexidi
1121 1432 1491 1498 restitutum
1535 1437 1706 1512 eunt,
1751 1451 1807 1497 v,
1853 1432 2126 1498 Meinek.
2172 1432 2255 1496 ad
2300 1429 2471 1496 Gom.
2516 1429 2670 1496 Min.

334 1527 341 1535 ⁸
430 1534 495 1600 H
520 1534 663 1601 756.
695 1570 766 1584 -—-
797 1530 934 1602 Iam
978 1538 1044 1601 in
1087 1533 1317 1601 Parall.
1339 1554 1400 1617 p.
1439 1535 1477 1598 7
1525 1534 1710 1599 attuli
1753 1553 1982 1600 nomen
2026 1533 2258 1616 duplex
2299 1533 2459 1615 L‘agi
2500 1534 2672 1615 regis

424 1642 662 1724 Λᾶγος
706 1644 773 1705 et
812 1635 1110 1724 Λάαγος,
1157 1656 1319 1719 quae
1367 1637 1422 1702 si
1466 1656 1544 1703 ex
1589 1638 1877 1720 analogia
1921 1636 2347 1715 aestimamuS,
2392 1636 2669 1719 trisylla-

425 1741 577 1807 bum
619 1761 733 1824 pro
777 1746 950 1808 recto
994 1744 1081 1807 et‘
1102 1740 1400 1806 incolumi
1444 1741 1833 1824 accipiamus
1868 1758 2128 1806 necesse
2173 1745 2273 1805 est
2314 1743 2390 1805 ut
2430 1738 2669 1827 Λάαρ-

421 1868 557 1926 χος,
605 1845 874 1910 alterum
916 1862 1032 1927 pro
1075 1848 1320 1908 mutato
1363 1847 1438 1907 ut
1483 1844 1798 1929 λαγέτης;
1844 1844 2228 1909 contrarium
2270 1861 2440 1923 vem,
2488 1843 2544 1908 si
2588 1841 2674 1908 ad

425 1965 612 2011 usum
677 1947 1051 2028 respicimus
1096 1963 1507 2025 communem,
1574 1964 1763 2031 quem
1827 1946 2220 2029 grammatici
2272 1945 2559 2028 plerique
2603 1946 2671 2011 in

429 2047 834 2130 designandis
883 2047 1254 2114 biformibus
1302 2047 1708 2113 observitant.

598 2151 948 2233 Vocabula,
1016 2170 1178 2234 quae
1224 2170 1263 2216 a
1304 2152 1563 2233 propria
1627 2152 1835 2233 specie
1879 2169 2130 2234 quoquo
2194 2151 2379 2216 modo
2425 2102 2672 2217 deflexa

424 2272 566 2320 eam
606 2254 709 2319 vel
751 2273 1072 2335 nunquam
1112 2259 1495 2336 recuperant
1536 2260 1609 2319 ut
1654 2250 1690 2341 ἦ
1719 2258 1823 2334 σᾶ,
1871 2255 1950 2319 τὰ
1975 2258 2082 2336 σᾶ,
2125 2255 2227 2320 vel
2263 2260 2434 2320 certe
2457 2255 2524 2318 in
2548 2272 2674 2319 usu

422 2356 675 2439 publico
734 2362 1097 2423 constanter
1163 2358 1520 2426 detrectant
1579 2362 1656 2423 ut
1719 2363 1990 2442 βεβᾶσι,
2058 2348 2237 2422 cu'ius
2303 2358 2671 2440 incorrupta

421 2458 624 2525 forma
669 2460 787 2526 soli
830 2464 1095 2526 utuntur
1146 2468 1373 2543 poetae
1440 2461 1630 2544 epici,
1698 2460 2058 2527 huiusmodi
2127 2461 2322 2542 igitur
2363 2459 2673 2529 vocabula

428 2547 796 2629 affectorum
838 2582 1067 2629 nomen
1112 2563 1508 2646 coloremque
1554 2565 1919 2629 amiserunt.

598 2667 651 2751 ξ.
698 2666 755 2731 2.
846 2665 1243 2731 Manifestior
1286 2672 1387 2732 est
1429 2668 1628 2731 crasis
1674 2667 1940 2733 duorum
1982 2672 2068 2747 ἓξ,
2115 2667 2375 2748 eiusque
2422 2668 2669 2748 species

423 2768 948 2835 circumferuntur
993 2770 1174 2848 duae,
1245 2786 1404 2850 quas
1450 2768 1921 2835 Choeroboscus
1968 2768 2116 2840 Can.
2164 2770 2289 2834 217
2338 2769 2669 2836 discernitz

421 2867 462 2957 ἦ
510 2869 843 2959 αἷτιατικὴ
892 2878 1021 2937 τῶν
1066 2869 1164 2950 εἷς
1205 2875 1309 2950 Hy?
1361 2874 1824 2959 πληθυντικῶν
1872 2871 1983 2938 διὰ
2030 2874 2145 2958 τῆς
2193 2875 2263 2943 Fi
2294 2868 2516 2954 μόνως
2562 2873 2667 2939 λε’-

421 2998 627 3059 yeme,
677 2969 755 3039 οὗ
802 2975 916 3040 διὰ
958 2980 1077 3039 τοῦ
1119 2976 1174 3060 ἦζ
1239 2972 1473 3059 ἐπειδὴ
1523 2970 1679 3041 οὐδὲ
1723 2973 1791 3040 ἐν
1835 2979 1915 3063 τῇ
1961 2973 2202 3064 εὐθείᾳ
2247 2974 2386 3042 ἐστὶ
2432 2975 2670 3062 γνησία

421 3069 462 3163 ⁷‘7
511 3080 742 3164 κρᾶσις
783 3071 824 3160 ἦ
870 3080 1000 3142 τῶν
1046 3076 1164 3143 δύο
1210 3075 1275 3148 ἐἶ
1322 3072 1416 3155 εἷς
1461 3081 1537 3141 τὸ
1582 3079 1634 3161 ’,ἶ
1721 3076 1927 3143 Huius
1984 3077 2300 3160 specimen
2358 3083 2459 3144 est
2500 3077 2666 3144 dati-

421 3197 541 3244 vus
582 3179 850 3244 nominis
897 3179 1126 3260 σπέος,
1195 3180 1372 3245 cuius
1412 3196 1612 3262 quum
1657 3180 1820 3245 duae
1862 3181 2169 3262 primores
2214 3182 2462 3247 vocales
2505 3180 2571 3244 in
2614 3183 2669 3252 ἶι
2743 3262 2755 3267 ,

420 3282 705 3348 contrahi
748 3287 1035 3364 possent,
1106 3284 1311 3349 σπέεϊ
1348 3289 1529 3349 σπεῒι
1547 3331 1566 3363 ,
1622 3282 1741 3348 hoc
1785 3288 1956 3350 σηεῖι
2003 3284 2269 3354 aurium
2286 3284 2520 3366 judicio
2561 3301 2666 3349 re-

417 3385 755 3467 probatum
801 3389 917 3464 est,
963 3404 1019 3451 v.
1042 3384 1273 3451 Parall.
1301 3382 1405 3466 24,
1428 3404 1669 3468 proque
1714 3403 1789 3450 eo
1832 3386 2071 3467 placuit
2092 3387 2250 3452 duas
2281 3386 2667 3469 posteriores

380 3567 384 3572 Ι
421 3488 791 3553 contrahere
837 3486 1028 3553 σπέει
1075 3492 1148 3551 ιιι
1191 3488 1329 3555 δέει
1374 3494 1442 3554 et
1485 3493 1697 3554 cetera
1723 3487 1789 3553 in
1811 3489 1915 3566 ἶς’
1938 3494 2182 3554 neutra.
2272 3487 2398 3554 Sed
2419 3489 2486 3554 id
2515 3490 2669 3572 quia

419 3595 624 3673 metro
667 3590 1030 3669 reluctatur,
1076 3589 1392 3656 Homerus
1437 3593 1503 3656 in
1549 3597 1715 3678 σπῆι
1760 3592 2029 3656 mutavit
2062 3590 2240 3656 κατὰ
2275 3596 2509 3678 κρᾶσιν
2533 3596 2668 3657 τῶν

423 3690 543 3758 δι’»ο
588 3693 643 3762 ἐξ
711 3687 807 3768 εἷς
847 3693 901 3776 ’ἦ
963 3689 1280 3775 καθάπερ
1327 3688 1702 3779 (Ηρακλῆος
1769 3693 1991 3759 Choer.
2049 3694 2128 3759 de
2174 3692 2327 3761 Ton.
2371 3692 2515 3760 417.
2566 3694 2664 3762 15.

419 3794 602 3860 Hanc
645 3794 1058 3861 mutationem
1125 3796 1233 3860 alii
1297 3796 1680 3862 metathesin
1722 3801 1973 3877 vocant,
2041 3796 2149 3861 alii
2191 3801 2433 3880 tropen.
2565 3796 2665 3861 De
2771 3801 2779 3820 ⁸

419 3903 688 3979 utraque
756 3898 918 3962 crasi
981 3898 1088 3963 ille
1132 3898 1365 3964 iterum
1431 3900 1787 3987 iterumque
1844 3899 2297 3965 sermocinatur
2364 3899 2664 3966 subiectis

419 4005 707 4066 veterum
752 4001 1125 4081 scriptorum
1171 3997 1493 4083 exemplis,
1539 3999 1704 4082 quae‘
1747 4000 1881 4065 sine
1926 4000 2114 4067 dubio
2158 4004 2368 4067 omnia
2411 4020 2488 4068 ex
2530 4002 2663 4066 He-

418 4101 665 4167 rodiani
709 4102 978 4168 diatribe
1026 4106 1179 4188 περὶ
1208 4107 1457 4171 παθῶν
1481 4103 1831 4184 excerpsit..
1897 4102 2074 4169 Haec
2116 4101 2309 4186 igitur
2343 4124 2421 4170 ex
2443 4089 2662 4180 ordine

418 4203 728 4270 enarrabo
771 4205 949 4270 initio
994 4210 1202 4271 sumto
1247 4225 1287 4273 a
1328 4206 1666 4287 vocabuIiS‚
1711 4225 1875 4289 quae
1914 4207 2016 4272 vel
2060 4207 2518 4289 diphthongum
2560 4207 2665 4273 vel

323 4339 333 4345 ·
418 4307 994 4394 monophthongum
1036 4309 1102 4373 in
1146 4308 1404 4392 syllabis
1448 4308 1899 4392 principalibus
1946 4314 2341 4391 acceperunt.
