2946 4928
397 335 520 402 112
614 354 623 362 ·
1151 278 1710 402 DISSERTATIO
1776 336 1885 403 VI.

392 497 540 562 Ισίιιε
590 519 719 583 per
783 509 1053 582 quatuor
1118 499 1397 586 syllabas
1452 522 1587 563 esse
1645 497 2019 583 efferendum
2081 509 2315 580 monet,
2384 497 2535 583 quia
2579 498 2625 569 Τ

379 599 706 686 producta
748 612 842 664 est
868 601 1074 683 erasi,
1120 604 1302 683 quasi
1326 607 1780 690 φοινικοῢσσα.
1867 601 1933 666 Is
1955 601 2167 683 igitur,
2192 603 2342 683 quia
2363 602 2632 667 nominis

397 704 627 794 φοῖνιξ
690 721 875 770 casus
940 704 1178 787 obliqui
1240 707 1654 789 penultimam
1715 707 1968 787 longam
2009 704 2273 785 habent,
2340 704 2510 770 idem
2552 705 2632 769 de

396 807 706 874 adiectivo
749 808 962 874 valere
1003 808 1268 891 putavit,
1314 810 1661 935 eodemque
1704 808 1890 875 modo
1938 807 2295 889 Stephanus
2338 808 2404 872 in
2447 807 2633 872 Thes.

397 916 656 977 excusat
700 910 959 977 Theocr.
1006 910 1038 976 I
1067 909 1152 976 58
1197 904 1364 978 ὦνον
1409 912 1519 979 καὶ
1562 909 1906 1026 τυρόεντα
1922 910 2151 996 μέγαν,
2198 911 2366 992 quod
2409 908 2632 976 confir-

396 1035 572 1082 mare
634 1015 887 1082 videtur
929 1013 1138 1079 Draco
1182 1013 1266 1081 89
1312 1013 1635 1104 τυρόεις
1705 1020 1776 1081 τὸ
1840 1052 1903 1086 w
1968 1010 2236 1081 ἐκτείνει
2306 1015 2636 1095 πανταχοῦ

396 1119 507 1184 καὶ
577 1117 760 1205 παρὰ
805 1121 898 1204 τῷ
951 1112 1314 1204 Θεοκρίτῳ,
1380 1117 1684 1200 illumque
1749 1118 1960 1200 ipsum
2001 1135 2257 1182 versum
2300 1116 2636 1198 adscribit3

395 1219 713 1287 Porsonus
758 1219 1059 1285 Doricum
1123 1226 1417 1306 τυρῶντα
1463 1222 1693 1302 suasit3
1760 1222 2054 1304 equidem
2120 1220 2203 1286 ad
2255 1218 2353 1301 Aj.
2398 1238 2459 1300 p.
2511 1167 2636 1284 184

397 1324 672 1404 ostendi,
737 1322 1183 1388 vocabulorum
1248 1318 1691 1391 nonnulloru'm
1759 1324 2033 1407 syllabas
2077 1323 2295 1404 longas
2338 1323 2406 1387 in
2448 1340 2635 1404 para-

396 1427 575 1510 gogis
619 1426 845 1508 corripi
876 1431 950 1491 ut
982 1427 1047 1491 in
1089 1416 1210 1492 hoc
1251 1426 1391 1508 ipso
1435 1444 1667 1509 genere
1714 1424 2028 1513 πνιγόεις,
2078 1421 2425 1511 ἀλγινόεις,
2472 1444 2637 1507 quae

399 1530 584 1595 aliter
647 1530 861 1594 versui
924 1529 1176 1595 heroico
1242 1530 1450 1611 aptari
1514 1550 1640 1596 non
1704 1535 1971 1613 possunt
1996 1530 2078 1614 ὅ);
2146 1548 2220 1595 ac
2287 1529 2343 1593 si
2406 1525 2635 1593 fluvius

401 1633 708 1699 Troianus
776 1650 816 1696 a
880 1650 1072 1698 cursu
1138 1633 1390 1713 sinuoso
1436 1634 1876 1699 denominatus
1920 1638 2021 1699 est
2035 1684 2050 1714 ‚
2116 1632 2185 1698 id
2228 1650 2476 1714 quoque
2519 1649 2635 1712 pro

400 1736 683 1818 exemplo
751 1736 1023 1816 systolae
1091 1733 1303 1801 afferri
1364 1741 1594 1817 potest.
1730 1735 1889 1803 Cum
1921 1728 2071 1802 'hoc
2125 1733 2635 1816 ethonographus

282 1826 291 1841 Χ
400 1839 723 1904 contendit
763 1837 940 1903 urbis
984 1857 1213 1903 nomen
1272 1834 1548 1918 Ὄπόεις
1614 1866 1725 1905 και
1764 1835 2016 1917 Ὅτοῦς
2060 1838 2226 1903 κατὰ
2270 1841 2521 1926 κρᾶσιν,
2571 1843 2639 1903 et

398 1940 772 2006 Eustathius
835 1934 1062 2025 ὥσπερ
1109 1937 1497 2020 πλακόεις
1543 1943 1654 2008 καὶ
1701 1940 2075 2029 συναιρέσει
2122 1942 2480 2020 πλακοῦς
2527 1941 2637 2007 καὶ

322 2106 330 2111 .
399 2048 602 2127 acuo
623 2068 740 2121 εις
783 2045 872 2108 αι
886 2067 1102 2125 μους
1193 2042 1332 2107 Hoc
1373 2042 1696 2109 Matthiae
1733 2043 1877 2129 §51
1926 2062 2262 2126 perperam
2304 2045 2397 2109 ita
2438 2043 2635 2109 inter-

356 2200 357 2203 ,
398 2149 688 2229 pretatur
701 2196 716 2227 ,
782 2145 976 2211 trium
1019 2145 1330 2212 vocalium
1386 2148 1818 2211 extremam*
1776 2185 1797 2216 ι
1849 2144 2184 2227 abiectam,
2250 2147 2527 2229 reliquas
2569 2147 2636 2211 in

397 2249 468 2321 οἵ
511 2252 788 2314 mutatas
834 2267 1004 2329 esse3
1072 2248 1186 2314 sed
1244 2249 1374 2314 iota
1414 2268 1542 2314 non
1586 2249 1791 2314 omitti
1836 2248 2039 2314 solere
2082 2197 2261 2330 patet
2304 2269 2381 2315 ex
2423 2249 2633 2315 verbis

397 2353 463 2417 in
508 2389 611 2432 om,
678 2369 828 2416 nam
888 2348 1191 2435 χρυσόεις
1254 2370 1379 2416 non
1441 2352 1509 2417 in
1573 2356 1849 2439 χρυσοῦς
1916 2351 2338 2432 contrahitur,
2414 2352 2529 2417 sed
2569 2352 2637 2415 in

395 2459 682 2544 χρυσοῖς,
725 2458 792 2520 et
834 2474 912 2520 ex
953 2454 1204 2520 nomine
1259 2451 1509 2536 Κάειρα
1560 2459 1788 2541 Καῖρα
1822 2460 1937 2522 etc.
2025 2454 2249 2537 Itaque
2295 2455 2385 2520 sic
2425 2454 2635 2536 potius

399 2560 750 2638 dicendum,
804 2562 907 2635 {ff
952 2558 1365 2623 substitutum
1411 2576 1553 2623 esse
1595 2578 1710 2641 pro
1755 2559 2005 2651 duriore
2051 2595 2171 2635 οενς
2189 2609 2204 2639 ,
2271 2559 2449 2624 cuius
2494 2576 2636 2640 spe·
2681 2547 2693 2572 ⁴
2775 2567 2781 2572 ’

399 2664 560 2730 ciem
624 2661 909 2728 referunt
973 2679 1159 2726 casus
1225 2661 1461 2742 obliqui
1525 2696 1736 2742 omos,
1807 2695 1954 2733 own
2021 2662 2123 2746 [cf.
2191 2680 2383 2743 supra
2447 2681 2506 2744 p.
2552 2659 2635 2726 86

401 2771 467 2832 et
515 2765 639 2831 110
684 2769 750 2829 et
791 2764 956 2829 infra
1000 2784 1135 2846 cap.
1181 2764 1281 2829 III
1324 2764 1378 2848 ξ.
1425 2764 1513 2849 5].

573 2868 670 2933 De
735 2868 1095 2949 compositis
1161 2867 1371 2931 brevis
1417 2872 1518 2932 est
1556 2867 1945 2949 praeceptio.
2006 2892 2088 2949 χε
2105 2892 2127 2932 ι
2143 2892 2181 2953 ρ
2198 2891 2232 2931 o
2250 2892 2333 2953 ερ
2348 2864 2433 2952 yo'
2449 2893 2483 2946 ς
2528 2866 2639 2933 καὶ
2731 2913 2738 2918 -

403 2968 635 3058 κράσει
679 2963 1166 3055 χειρουργός
1207 2969 1412 3050 Epim.
1448 2969 1480 3033 I
1526 2966 1793 3049 44410,
1841 2970 1953 3034 sed
1998 2988 2075 3034 ea
2120 2970 2421 3052 singulari
2465 2970 2641 3051 operi

400 3065 813 3152 reservanda,
881 3090 1004 3153 quo
1069 3072 1433 3137 universam
1498 3072 1812 3153 synthesis
1874 3073 2221 3137 doctrinam
2287 3077 2636 3138 retractare
2697 3152 2714 3156 —

403 3176 691 3242 conabor.
822 3173 960 3239 Hoc
1022 3173 1158 3238 loco
1214 3173 1558 3238 subsistam
1621 3175 1686 3238 in
1728 3175 2200 3256 praepositione
2242 3171 2374 3261 πρό
2392 3224 2410 3256 ,
2477 3195 2641 3257 quae

402 3280 683 3345 vocalem
749 3296 929 3343 suam
973 3294 1116 3341 cum
1160 3276 1358 3357 epsilo
1404 3277 1838 3357 communicat,
1907 3278 2037 3344 sive
2088 3278 2155 3343 id
2195 3278 2500 3344 radicitus
2542 3280 2640 3343 in·

403 3380 598 3448 fixum
653 3386 771 3462 est,
839 3381 970 3445 sive
1036 3398 1112 3444 ex
1169 3382 1506 3459 augmento
1548 3383 1797 3444 natum:
1868 3375 2164 3466 προῖἱχω,
2236 3377 2640 3467 προύννέπω,

406 3479 782 3572 προῦφαινε
835 3487 954 3548 etc.
999 3482 1364 3547 intermixta
1427 3482 1674 3563 integre
1738 3483 1991 3564 scriptis
2055 3501 2180 3547 non
2225 3484 2427 3548 solum
2472 3485 2643 3566 apud

404 3591 646 3670 poetaS,
692 3586 807 3650 sed
849 3586 1108 3667 ubique:
1150 3582 1522 3670 ,προῦδωκα
1546 3589 1612 3650 et
1646 3586 2141 3671 προέδωκαθῐο.
2232 3584 2645 3652 Substantiva

406 3691 530 3755 duo
594 3693 841 3755 tantum
896 3681 1097 3752 suntt'
1143 3678 1536 3773 πραῦνευῖος
1600 3691 1666 3752 et
1707 3686 2007 3752 Doricum
2052 3681 2430 3774 πρῶγγυος,
2499 3706 2644 3755 011111

406 3811 559 3860 casu
603 3791 1015 3874 compositum
1057 3807 1252 3855 unum
1298 3779 1655 3876 προῦργου.
1706 3826 1778 3838 —
1827 3789 1924 3854 De
1966 3789 2284 3856 vocabulis
2330 3808 2472 3856 cum
2503 3786 2640 3857 ἀπό

408 3901 475 3962 et
516 3890 653 3961 ὑπό
718 3893 1063 3960 coniunctis
1130 3891 1393 3958 dubium
1458 3894 1586 3971 est,
1653 3897 1867 3957 utrum
1913 3894 1994 3962 δῖ
2038 3911 2116 3957 ex
2160 3893 2324 3958 crasi
2366 3892 2646 3959 habeant

340 4008 345 4012 ’
408 4002 765 4080 acceptum:
831 3991 1165 4083 ὖποεργὸς
1227 3988 1596 4081 ὖπουργός,
1666 4013 1748 4059 an
1801 4012 1879 4059 ea
1920 3992 2082 4060 forte
2127 4000 2480 4077 superante
2509 4015 2644 4062 me·

544 4236 604 4302 5)
646 4232 930 4308 Τερμιόεις
983 4243 1037 4290 et
1073 4231 1323 4306 φυκιόεις
1375 4242 1428 4290 et
1471 4231 1720 4305 τειχιόεις
1751 4226 2014 4290 Homerus
2066 4236 2337 4305 epenthesi
2385 4217 2569 4290 literae
2616 4219 2667 4289 ἶ

409 4326 514 4379 hue
546 4326 765 4393 aptavit.
