2946 4928
423 328 548 397 158
1172 331 1729 399 DISSERTATIO
1794 333 1937 400 VII.

1389 562 1561 647 Gap.
1606 563 1689 633 II.

838 730 950 849 De
1002 755 1096 855 ny
1147 733 1625 834 paragogico
1679 729 2243 804 declinabilium.

594 907 649 990 ἓ.
701 910 752 971 1.
839 905 1083 972 Horum
1127 906 1253 973 duo
1294 907 1598 988 primaria
1641 926 1892 989 genera,
1935 906 2191 973 verbale
2234 912 2300 971 et
2319 907 2652 986 nominale,

419 1008 858 1090 complectitur
900 1007 1267 1090 Apollonius
1310 1009 1468 1075 Adv.
1513 1009 1659 1076 520.
1705 1009 1788 1075 33
1833 1009 1909 1075 τὸ
1955 1012 2010 1082 ἶ
2035 1004 2440 1091 πάμπολλόν
2483 1008 2660 1075 ἐστιν

419 1111 488 1179 ἐν
552 1117 645 1198 τῷ
710 1115 1107 1200 πλεονασμῷ
1174 1109 1362 1180 ἕνεκα
1398 1108 1763 1199 -εὗφωνίας
1812 1109 2502 1201 παραμαμβανόμενον
2543 1110 2660 1177 ἐπὶ
2735 1140 2742 1143 ·

421 1212 673 1291 παντὸς
732 1211 1358 1301 βραχυκαταλήκτου
1413 1210 1740 1302 ρήματοςι
1807 1213 2101 1301 ἔλεγεν,
2152 1214 2478 1299 ἔλαβεν,
2548 1215 2661 1281 καὶ

421 1314 536 1382 ἐπὶ
604 1317 878 1382 ὀρεικῶν
943 1318 1073 1380 τῶν
1138 1311 1231 1393 εἰς
1274 1318 1321 1385 ’ἶ
1379 1320 1746 1404 ληγουσῶνε
1786 1312 2211 1405 χρήμασιν.
2341 1318 2430 1383 Et
2471 1318 2662 1399 paulo

421 1418 670 1500 plenius
736 1416 1050 1483 Maximus
1114 1416 1430 1483 Planudes
1496 1419 1563 1483 in
1627 1436 1888 1500 gramm.
1939 1438 2000 1501 p.
2047 1419 2128 1484 57
2175 1420 2268 1485 Τ.’
2290 1420 2358 1485 II
2399 1420 2659 1486 Bachm.

419 1521 502 1587 τὰ
571 1516 668 1599 εἷς
728 1522 769 1592 ἕ
819 1518 935 1585 καὶ
999 1523 1053 1589 ἶ
1099 1516 1373 1607 λήγοντα
1439 1518 1629 1605 τρίτα
1696 1518 2035 1608 πρόσωπα
2101 1526 2229 1589 τῶν
2276 1519 2504 1588 ἑνικῶν
2546 1523 2660 1588 καὶ

422 1625 886 1710 πληθυντικῶν
931 1616 1237 1709 ῥημάτων
1283 1622 1392 1690 καὶ
1439 1620 1511 1689 αἱ
1556 1620 1649 1701 εἷς
1704 1628 1740 1693 ἶ
1793 1623 2052 1690 domnae
2118 1627 2247 1689 ’τῶν
2293 1626 2661 1712 πληθυντι-

419 1730 550 1793 κῶν
592 1729 883 1808 μετοχῶν
951 1725 1062 1792 καὶ
1130 1719 1472 1809 ὀνομάτων
1517 1724 1911 1814 ἐφέλκονται
1980 1722 2083 1793 ἀεὶ
2149 1725 2225 1792 τὸ
2270 1731 2323 1798 ἶ
2366 1725 2474 1793 καὶ
2518 1725 2662 1792 ἔστι

419 1832 610 1893 τοῦτο
680 1832 796 1911 τῆς
864 1830 990 1893 τῶν
1029 1823 1343 1894 Ἀττικῶν
1399 1828 1767 1895 διαλέκτου.
1844 1823 2063 1905 Ἴωνες
2129 1828 2203 1896 δὲ
2249 1827 2400 1911 δίχα
2445 1832 2564 1894 τοῦ
2608 1829 2664 1899 ’ὖ

423 1930 899 2017 προφέρονται,
941 1928 1311 2010 quibuscum
1357 1931 1441 1995 ad
1493 1929 1758 1996 verbum
1800 1929 1935 1996 fere
1979 1932 2270 1996 convenit
2314 1931 2658 1996 scholiasta

421 2032 695 2118 Aristfin
716 2032 981 2097 introitu
1002 2031 1191 2096 huius
1206 2030 1376 2095 Part.
1391 2031 1424 2095 I
1445 2032 1808 2112 productus
1832 2032 1930 2098 Ab
1953 2032 2053 2098 his
2075 2051 2238 2114 quae
2260 2033 2665 2113 nominantur

421 2134 671 2203 vocales
714 2153 841 2199 non
885 2134 1058 2200 solae
1099 2131 1225 2198 huc
1266 2133 1586 2212 inclinant,
1632 2134 1747 2200 sed
1780 2132 2173 2216 frequentius
2196 2136 2441 2217 ceteriS,
2486 2135 2661 2200 ideo>-

421 2255 545 2318 que
589 2236 990 2302 celebrantur
1031 2237 1098 2300 in
1143 2236 1609 2301 commentariis
1637 2238 2231 2359 grammaticorum:
2277 2237 2354 2303 τὸ
2398 2273 2425 2308 ε
2390 2220 2660 2324 ’ἐφελ-

425 2334 734 2406 κυστικόν
779 2337 921 2406 ἐστι
966 2343 1084 2406 τοῦ
1130 2375 1166 2410 ν
1226 2338 1294 2405 ἐν
1308 2344 1478 2416 τοῖς
1544 2336 1794 2426 τρίτοις
1839 2336 2231 2427 προσώποις
2275 2336 2503 2426 ω’σπερ
2548 2365 2660 2405 και
2713 2370 2724 2375 ·

421 2440 497 2509 τὸ
559 2479 580 2511 ι
640 2438 893 2528 γίνεται
953 2439 1455 2532 ἑφελκυστικὸν
1473 2444 1593 2507 τοῦ
1654 2478 1708 2526 ν,
1777 2440 1938 2510 ὅταν
1982 2439 2096 2532 ἔχῃ
2163 2439 2665 2531 προηγούμενον

422 2570 499 2614 το
560 2577 597 2615 σ
654 2539 700 2630 ἢ
742 2541 1010 2629 δυνάμει
1057 2540 1101 2632 ἢ
1145 2542 1438 2633 ἐνεργείᾳ
1485 2543 1788 2610 Choerob.
1834 2544 1985 2610 Can.
2035 2543 2174 2610 168.
2195 2542 2235 2610 9
2280 2550 2347 2610 et
2388 2544 2663 2611 531.10.

422 2647 561 2714 Hoc
605 2652 705 2713 est
747 2647 939 2714 breve
987 2654 1055 2715 et
1096 2648 1439 2713 dilucidum
1482 2647 1872 2728 prooemium
1916 2648 2390 2714 consultationis
2430 2648 2663 2729 longae

422 2749 765 2831 multisque
820 2749 1297 2817 difficultatibus
1349 2750 1731 2815 obstructae.
1817 2748 1984 2814 Nam
2025 2767 2220 2830 quum
2263 2750 2663 2814 attractionis

423 2852 588 2918 ratio
632 2852 863 2934 duplex
927 2854 1039 2933 sit,
1104 2835 1444 2934 effugiendi
1510 2851 1723 2916 hiatus
1788 2855 1854 2916 et
1896 2851 2336 2931 producendae
2381 2835 2665 2933 syllabae

320 3031 327 3034 v
420 2953 631 3020 brevis
657 3004 672 3035 ,
740 2954 1028 3035 quaestio
1094 2954 1446 3034 suboritur,
1515 2959 1825 3035 quatenus
1891 2971 2141 3036 quaque
2215 2952 2325 3018 fini
2389 2958 2662 3034 utraque

423 3056 701 3124 tenenda
743 3057 829 3122 sit
867 3074 993 3124 non
1039 3057 1243 3122 solum
1285 3058 1353 3121 in
1395 3056 1796 3135 carminibuS,
1840 3056 1957 3121 sed
1997 3056 2064 3120 in
2097 3073 2386 3122 sermone
2411 3073 2664 3136 quoque

424 3157 704 3227 numeris
749 3158 972 3224 soluto.
1081 3157 1179 3224 De
1236 3159 1363 3224 illis
1408 3159 1462 3224 si
1507 3159 1660 3240 quid
1701 3157 2111 3226 dubitationis
2154 3158 2404 3237 incidit,
2467 3158 2535 3222 id
2578 3158 2665 3222 ad

425 3261 721 3328 exitum
762 3279 1123 3326 versuum
1165 3262 1468 3343 pertinet,
1535 3262 1602 3326 in
1665 3279 1788 3341 quo
1845 3259 1991 3325 libri
2037 3260 2280 3341 antiqui
2320 3260 2666 3340 plurimum

423 3363 592 3428 inter
636 3380 706 3428 se
751 3362 1113 3443 discrepant
1154 3361 1375 3430 literas
1406 3362 1815 3444 paragogieas
1837 3361 2023 3426 modo
2046 3362 2430 3442 omittentes),
2475 3362 2664 3428 modo

406 3464 735 3536 addentes
797 3465 901 3530 vel
966 3464 1047 3530 ob
1110 3464 1354 3530 hiatum
1397 3465 1500 3531 vel
1564 3464 1647 3529 ad
1690 3464 2158 3546 aggravandam
2200 3463 2507 3546 syllabam
2551 3482 2655 3529 ex-

424 3571 712 3632 tremam.
803 3564 1163 3631 Secundum
1202 3567 1378 3633 illam
1420 3568 1731 3634 rationem
1773 3568 1840 3633 in
1883 3566 2096 3633 codiee
2140 3566 2291 3646 Pal„
2337 3572 2411 3631 ut
2450 3566 2665 3636 Elms-

424 3669 587 3736 leius
630 3666 829 3734 refert
871 3667 955 3732 ad
996 3667 1216 3749 Eurip.
1261 3668 1489 3735 Bacch.
1533 3669 1660 3734 200
1674 3719 1689 3749 ,
1750 3670 1816 3734 in
1858 3667 1982 3735 fine
2026 3670 2459 3736 trimetrorum
2502 3671 2664 3736 iam-

423 3771 708 3843 binorum
730 3766 1229 3859 σπαράγμασιν,
1273 3766 1642 3838 ὑπέσπασεν
1662 3776 1811 3838 ante
1833 3772 2129 3853 vocalem,
2175 3772 2289 3837 sed
2320 3769 2663 3859 ζητήμασι,

426 3871 865 3961 λευκοπήχεσι
907 3876 1059 3938 ante
1099 3891 1438 3948 consonam
1480 3873 1784 3955 scriptum
1828 3879 1947 3955 est,
1990 3892 2256 3956 eamque
2280 3875 2666 3955 scripturam

426 3977 495 4046 ia
534 3976 712 4043 Rom.
757 3976 816 4044 A
860 3980 1227 4046 constanter
1289 3975 1532 4041 servari
1586 3980 1863 4042 testatur
1904 3975 2074 4046 idem
2117 3976 2200 4042 ad
2243 3975 2411 4042 Med.
2455 3997 2513 4043 v.
2561 3976 2662 4043 76.

424 4078 831 4146 Hermannus
893 4077 1043 4143 vero
1109 4077 1174 4142 in
1218 4077 1482 4144 Elemm.
1526 4077 1711 4144 Metr.
1756 4077 1882 4146 350
1946 4077 2266 4144 vocabulis
2330 4097 2489 4160 pure
2555 4098 2662 4144 ex-

429 4181 726 4261 euntibus
771 4178 1004 4261 ubique
1070 4197 1153 4261 ny
1196 4177 1557 4250 addendum
1608 4185 1853 4260 censen
1916 4202 2065 4246 nam
2127 4181 2197 4244 im,
2239 4179 2378 4264 flue
2420 4202 2634 4248 versus,
2648 4226 2669 4261 ‚

426 4284 648 4365 inquit,
717 4281 1016 4366 quoniam
1082 4280 1368 4343 consistit
1432 4303 1556 4343 vox
1621 4283 1686 4345 σι’
1728 4304 1948 4366 pausa
1986 4280 2089 4363 fi't,
2160 4281 2348 4368 longa
2392 4281 2656 4368 syllaba,
