2946 4928
510 325 638 395 316
1265 294 1822 402 mssnRTA'rlo
1864 334 2038 402 vm.
2136 356 2145 365 κ

510 490 718 581 μέρος
760 500 880 561 τοῦ
926 490 1188 580 λόγου,·
1230 496 1498 579 καὶ,τὸν
1566 494 1768 565 αὐτὸν
1833 494 2026 564 τόνον
2092 495 2571 586 φυλάσσουσιν
2640 490 2769 566 οἷον

517 597 707 680 δῶμα
756 599 867 677 δῶ,
935 594 1175 678 ἐκεῖνος
1220 596 1489 684 (ἐκεῖσε)
1535 597 1672 668 ἐκεῖ
1709 601 1852 667 ΕΜ.
1899 600 2043 667 321.
2090 600 2191 667 37.
2299 602 2765 671 Eandem.re-
2806 630 2813 633 ’

516 699 729 779 gulam
773 699 1172 767 Herodianus
1218 704 1300 770 ad
1342 703 1415 768 Il.
1459 702 1615 768 XVI
1658 700 1740 769 99
1804 704 2182 786 praescribit
2223 703 2602 775 infinitivis:
2670 701 2766 773 ἐκ·

514 798 712 884 δύμεν
738 804 1318 894 παροξυτονητέον·
1365 806 1439 871 τὸ
1489 806 1610 892 γὰρ
1636 807 1882 892 πλῆρές
1907 807 2087 876 ἐστιν
2111 806 2475 893 ἕκδὺμεναι
2527 804 2767 893 ὁμοίως

512 908 606 990 τῷ
656 901 1026 990 ζευγνύμεν,
1094 913 1159 973 et
1222 908 1478 975 vocibus
1548 911 1927 994 apostrophe
1993 913 2254 979 succisis
2320 913 2534 979 schol.
2583 912 2766 977 Arist.

511 1006 675 1073 Plut.
727 1007 848 1073 143
892 1005 1004 1076 ὅτε
1051 1005 1524 1094 ἀναβιβάζεται
1570 1008 1782 1091 ὀξεῖα,
1855 1011 2059 1081 πάλιν
2113 1011 2298 1095 ὀξεῖα
2345 1011 2631 1099 ὀφείλει
2676 1010 2763 1079 τί·

512 1115 790 1190 Quam,
818 1108 895 1177 οὗ
923 1112 1052 1198 μὴν
1077 1115 1579 1200 περισπωμένηε
1605 1111 1766 1202 φήμ’
1795 1112 1942 1202 ἐγώ,
1970 1115 2121 1186 δείν’
2151 1111 2318 1185 ὀίττα
2343 1118 2435 1203 [p.
2454 1116 2764 1201 332n.1].

512 1213 1077 1295 Properispom‘ena
1101 1220 1425 1282 accentum
1450 1236 1635 1284 suum
1660 1238 1914 1286 servare
1935 1239 2050 1302 per
2095 1240 2164 1287 se
2196 1222 2615 1303 intelligitur,
2661 1237 2764 1286 nec

371 1314 382 1323 ”
512 1316 862 1382 monuisset
903 1317 1270 1400 Apollonius
1317 1318 1490 1386 Coni.
1510 1320 1658 1399 491.
1705 1322 1742 1387 7
1789 1328 1856 1388 et
1883 1304 2067 1388 Pron.
2097 1320 2474 1391 111—112:
2526 1330 2763 1409 βαρεῖα

515 1412 1036 1509 ἇποκοπτσμένη
1082 1421 1193 1487 τὸν
1239 1417 1438 1490 αὐτὸν
1482 1429 1668 1513 τηρεῖ
1710 1416 1930 1491 τόνονε
2003 1428 2193 1511 δῶμα
2262 1431 2374 1507 δῶ,
2448 1417 2630 1514 ἧλος
2674 1416 2764 1514 ἦλ,

514 1521 638 1587 nisi
679 1522 947 1606 intelligi
991 1525 1324 1607 voluisset,
1370 1527 1438 1593 id
1482 1547 1605 1593 non
1648 1528 1934 1611 obstare,
1993 1520 2326 1611 quominus
2371 1531 2619 1597 duales
2663 1529 2766 1594 At-

515 1626 625 1691 tici
669 1621 759 1691 νώ
806 1631 873 1691 et
917 1624 1068 1713 σφώ
1115 1646 1191 1693 ex
1235 1631 1667 1696 communibus
1713 1636 1827 1698 νιῢι
1875 1638 1941 1698 et
1986 1639 2163 1719 σφῶι
2209 1633 2332 1703 orti
2386 1634 2767 1704 credanturz

517 1729 620 1794 hic
664 1731 830 1795 enim
852 1730 1246 1797 intercedere
1263 1732 1694 1800 characterem
1719 1734 1969 1801 dualem
1993 1737 2309 1818 perispasi
2329 1737 2760 1803 reluctantem

517 1831 603 1917 [p.
629 1832 803 1918 276}
847 1833 1087 1899 Eadem
1115 1836 1499 1901 characteris
1524 1839 1943 1918 excusatione,
1969 1839 2083 1904 sed
2105 1839 2241 1904 loco
2263 1858 2505 1920 parum
2536 1855 2769 1920 oppor-·

512 1940 667 2001 tuno
710 1936 913 2001 utitur
954 1937 1231 2003 Joannes
1281 1940 1377 2003 12.
1428 1938 1523 2020 19,
1573 1939 1877 2007 Choerob.
1923 1938 2066 2007 419.
2112 1941 2194 2006 25
2240 1936 2534 2022 οὐδεμία
2586 1937 2684 2018 εἷς
2720 1940 2760 2008 a?

518 2034 805 2125 λήγουσα
853 2034 1181 2127 αἰτιατική
1227 2038 1558 2123 ὀξύνεται,
1605 2041 1800 2108 ἔνθεν
1846 2037 1885 2130 ἡ
1955 2041 2264 2129 νιφάδα
2327 2039 2759 2111 ἀποκοπεῖσα

520 2135 956 2230 ἀνεβιβάσθη.
1044 2142 1207 2208 Nam
1254 2143 1446 2231 νίφα
1480 2140 1570 2210 'ex
1592 2145 1873 2217 obsoleto
1896 2147 2168 2228 quodam
2193 2149 2589 2215 nominativo
2618 2164 2757 2229 pen-

519 2246 628 2311 det
647 2245 1106 2313 v.Parall.114.
1152 2246 1249 2313 De
1274 2254 1539 2314 accentu
1561 2254 1774 2315 autem
1797 2249 2485 2333 consentitEpim.‘433.
2513 2249 2602 2316 29
2616 2265 2756 2330 sqq.,

516 2347 658 2413 EM.
683 2347 826 2433 814.
874 2348 958 2415 54
1003 2351 1077 2417 τὸ
1122 2347 1262 2438 χρή
1313 2347 1630 2433 ὀξύνεται,
1679 2350 1780 2418 ὅτι
1830 2356 2015 2419 πᾶσα
2041 2352 2206 2433 λέξις
2254 2350 2668 2437 δισύλλαβος
2700 2347 2756 2414 ἐν

489 2447 835 2539 ῥήμασιν,
884 2449 941 2520 εἷ
987 2454 1106 2538 μὲν
1151 2452 1285 2538 ἔχει
1333 2454 1449 2541 τὴν
1516 2450 1651 2522 ἀπὸ
1722 2459 1837 2544 τῆς
1903 2451 2107 2546 ἀρχῆς
2176 2450 2754 2541 ἀποκοπτομένην,

521 2555 633 2643 τὴν
678 2553 1276 2647 καταλιμπανόμην
1320 2563 1624 2649 περισπᾷ
1671 2560 1804 2648 (βῆ,
1852 2563 2006 2648 φῆ),
2076 2555 2135 2627 εἶ
2180 2561 2252 2628 δὲ
2299 2555 2434 2626 ἀπὸ
2509 2560 2754 2635 τέλους,

520 2655 758 2738 (igniret.
846 2660 1246 2727 Herodianus
1292 2663 1448 2727 satis
1493 2663 1716 2728 habuit
1756 2661 1875 2749 χρή
1922 2665 2087 2729 inter
2132 2665 2633 2752 σεσημειωμένα
2665 2678 2754 2726 re-

490 2762 685 2829 ·ferre
730 2761 872 2829 Arc.
923 2759 1061 2828 148.
1114 2761 1221 2844 19;
1268 2765 1375 2829 alii
1420 2783 1495 2830 eo
1540 2767 1917 2832 temeritatis
1961 2768 2242 2849 provecti
2287 2772 2453 2848 sunt,
2500 2771 2578 2832 ut
2608 2761 2755 2831 illud

519 2867 887 2932 adverbium
932 2885 1073 2932 esse
1118 2867 1400 2933 dicerent
1443 2869 1666 2935 eodem
1709 2875 1874 2950 tono,
1919 2889 2044 2954 quo
2091 2864 2210 2955 ὠή,
2258 2865 2426 2956 ὁτιή,
2476 2859 2754 2953 ὁμαρτῇ,

524 2969 775 3057 δηλαδή
822 2969 1003 3034 Eust.
1051 2969 1193 3036 751.
1241 2970 1342 3050 62,
1388 2970 1704 3037 ΕΜ.81’4.
1750 2972 1826 3038 51
1874 2970 1997 3060 χρή
2046 2968 2376 3052 ὀξυτόνως
2419 2960 2752 3060 ἐπίρῥημᾶ

522 3067 664 3137 ἀντὶ
712 3074 829 3136 τοῦ
876 3073 980 3137 δεῖ
1021 3072 1172 3156 (non
1219 3067 1309 3151 ὡς
1353 3075 1510 3154 δεῖ),
1582 3062 2099 3158 περισπωμένως
2145 3077 2218 3143 δὲ
2261 3077 2459 3164 ῥῆμα.
2551 3077 2752 3155 Regu·
2855 3161 2857 3168 <

524 3177 651 3241 lam
696 3179 1002 3259 sequutus
1049 3179 1150 3240 est
1191 3176 1265 3255 is,
1311 3176 1415 3257 qui
1463 3184 1576 3262 κρῖ
1614 3197 1729 3259 pro
1775 3173 1978 3265 κριθή
2003 3179 2279 3261 positum
2300 3197 2442 3245 esse
2485 3175 2749 3261 negavit,

530 3281 680 3362 quia
725 3280 1045 3345 diversum
1090 3280 1169 3345 ab
1215 3281 1334 3347 hoc
1380 3287 1729 3347 accentum·
1772 3280 2034 3363 habeat,
2103 3282 2449 3365 eademque
2514 3282 2748 3348 ratione

523 3386 849 3464 apotrocta
891 3383 1001 3447 illa
1042 3383 1109 3447 in
1152 3384 1450 3450 Palladae
1498 3372 2014 3466 epigrammmate
2061 3382 2172 3471 κνή
2242 3389 2307 3450 et
2352 3381 2471 3450 θῶ
2525 3383 2749 3452 rectius

523 3504 688 3551 nunc
734 3487 825 3551 sic
869 3486 1261 3568 scribuntur,
1309 3507 1500 3570 quam
1544 3489 1609 3553 in
1652 3489 1861 3569 priore
1905 3486 2182 3554 :Jacobsii
2226 3487 2501 3553 editione
2549 3488 2617 3553 T.
2660 3479 2747 3549 III

528 3610 589 3672 p.
618 3588 738 3653 133
763 3609 822 3653 n.
848 3587 948 3654 91.
976 3594 1091 3684 κνῆ
1118 3595 1183 3655 et
1209 3595 1315 3657 θῶ
1344 3590 1430 3675 [p.
1456 3590 1861 3675 288].-Non
1883 3588 2189 3656 fidissima
2212 3608 2526 3672 apocopae
2553 3602 2744 3657 comes

524 3698 624 3758 est
668 3691 972 3773 aclisia,
1019 3712 1208 3775 quam
1230 3683 1590 3760 Priscianus
1614 3694 1704 3760 VI
1727 3691 1786 3760 5.
1810 3689 1936 3759 254
1982 3695 2041 3757 ei
2063 3692 2374 3775 adiungit:
2418 3692 2631 3757 nihil
2667 3688 2740 3752 in-

527 3793 891 3860 declinabile
935 3809 1044 3878 est,
1091 3797 1240 3882 quia
1279 3820 1399 3883 per
1443 3819 1761 3883 apocopen
1805 3794 1882 3859 ab
1928 3818 2016 3875 οο,
2064 3792 2235 3880 quod
2263 3806 2355 3857 est
2397 3794 2743 3868 nihilum,
2797 3812 2807 3819 ·

516 3900 841 3985 prolatum
887 3913 998 3964 est.
1101 3900 1239 3966 Hoc
1305 3919 1383 3985 en
1449 3900 1710 3966 Graecis
1778 3893 2056 3965 fontibu's
2127 3892 2474 3964 delibatum
2537 3895 2740 3963 habet:

528 4004 623 4069 δῶ
670 3998 806 4067 ἀπὸ
858 4007 974 4068 τοῦ
1033 4006 1223 4083 δῶμα
1293 4002 1460 4069 κατὰ
1530 3998 1907 4088 ὀποκοπήν·
1979 4001 2089 4067 καὶ
2160 4000 2413 4084 ἔμεινεν
2478 3992 2743 4073 ‘’insterni''

528 4107 719 4177 σι”δὲν
785 4110 907 4194 γὰρ
976 4105 1323 4193 οὗδέτὲρον
1390 4103 1483 4185 εἷς
1548 4110 1601 4176 5
1644 4102 1917 4193 εὕρηται
1960 4104 2166 4186 Epim.
2210 4103 2244 4168 I
2294 4103 2433 4171 106.
2478 4103 2589 4184 22,
2654 4095 2739 4172 λίς

528 4209 668 4280 κατ’
753 4208 1111 4297 ἀποκοπὴν
1187 4217 1298 4275 τοῦ
1371 4216 1435 4295 ἦ·
1533 4209 1643 4299 agai
1712 4207 1850 4275 ἔστι
1929 4205 2140 4294 πάντη
2219 4199 2482 4272 ἷῖκλιτον
2557 4204 2740 4271 Choe·

525 4318 658 4384 rob.
711 4317 849 4383 181.
897 4313 997 4396 25,
1057 4314 1132 4379 τὸ
1201 4312 1409 4401 δᾷκρυ
1479 4312 1836 4381 ‹immoni-v
1904 4309 2135 4402 παθρν
2201 4305 2422 4378 οὐκέτι
2488 4310 2741 4376 κινεῖται
