2946 4928
443 324 576 400 200
1176 326 1736 408 DISSERTARO
1792 326 1971 400 vm.

446 507 636 572 quem
677 491 960 572 proxime
1001 491 1318 560 nominavi
1361 491 1717 573 Euphane,
1776 489 2193 572 singularium
2235 488 2511 571 cupitor,
2578 491 2687 572 qui

446 611 640 675 quum
681 610 935 659 versum
977 593 1070 660 ita
1111 594 1461 660 clauderet:
1502 589 1851 682 δαιμόνιος
1896 618 1936 680 η
1908 582 2010 673 ’,λ
2052 593 2272 674 procul
2314 592 2504 658 dubio
2547 593 2684 658 imi-

447 699 621 760 tatus
665 700 768 760 est
809 696 1099 777 exempla
1143 697 1569 777 antiquiorum
1604 692 1927 785 ἧμέτερον
1972 698 2091 778 dcii,
2141 690 2542 783 ἀμφοτέρων
2568 687 2685 783 όψ,

451 795 766 884 ἐφλέγετο
812 794 1004 884 γλήν,
1073 799 1189 865 sed
1231 818 1533 881 perverse
1591 804 1658 863 et
1699 803 1922 864 contra
1963 798 2250 879 regulam
2292 816 2332 862 a
2374 814 2685 879 gramma-

445 899 588 966 ticis
632 898 838 982 fixam,
886 896 977 981 ὥς
1020 901 1143 989 γὰρ
1190 898 1225 967 ὃ
1266 897 1720 979 Ἀπολλώνιός
1742 924 1966 987 φησιν,
2013 896 2341 968 οὐδέποτε
2366 895 2684 986 ἀποκοπή

448 997 544 1081 εἷς
588 997 1053 1092 ἇνεκφώνητον
1110 1004 1301 1083 τέλος
1345 1003 1592 1089 γίνεται
1640 1003 1947 1069 Choerob.
1978 1001 2147 1068 Can.
2192 1001 2333 1067 773.
2379 1000 2481 1068 22.
2570 1001 2687 1066 Ille

445 1105 640 1187 igitur
682 1105 842 1170 duas
886 1107 1208 1187 decerpsit
1228 1106 1447 1172 literas
1494 1109 1569 1185 ἴς,
1615 1106 1786 1188 quod
1808 1105 2220 1187 grammatici,
2267 1106 2323 1169 si
2353 1104 2689 1169 antecedat

445 1225 574 1272 una
585 1224 1000 1274 consonarum
1011 1206 1311 1289 finalium,
1324 1209 1582 1274 minime
1606 1208 1967 1290 improbant
1978 1207 2237 1291 [Parall.
2252 1206 2334 1271 70
2347 1211 2414 1270 et
2430 1204 2601 1289 11·6J.
2611 1240 2680 1251 —-

446 1307 549 1374 Ita
590 1309 960 1391 Apollonius
1025 1312 1163 1393 ipse
1227 1330 1456 1377 nomen
1527 1310 1870 1399 μάρτυρος
1933 1312 2252 1391 integrum
2316 1325 2458 1373 esse
2514 1306 2699 1387 dicit,

444 1436 492 1493 μ
509 1408 550 1476 ά
564 1436 604 1500 ρ
618 1437 654 1476 τ
669 1438 706 1478 v
723 1438 761 1498 ρ
818 1417 1033 1479 autem
1048 1464 1063 1494 ,
1134 1415 1312 1480 cuius
1366 1414 1605 1496 obliqui
1659 1414 1861 1479 solum
1916 1431 2100 1480 casus
2169 1411 2340 1492 apud
2393 1410 2685 1492 antiquos

445 1513 868 1595 reperiuntur,
915 1516 1163 1582 duabus
1206 1517 1410 1583 literis
1453 1517 1662 1581 minus
1706 1515 1962 1596 habere,
2006 1516 2192 1595 Pron.
2237 1534 2298 1595 p.
2348 1511 2487 1578 113.
2561 1510 2688 1577 Sed

446 1615 526 1681 de
569 1617 690 1682 hoc
733 1617 1135 1685 Herodianus
1173 1620 1494 1699 dissentit,
1542 1619 1850 1684 usitatum
1891 1616 2145 1704 μάρτυς
2186 1616 2504 1699 primitivo
2547 1615 2684 1680 loco
2817 1639 2825 1652 ·

441 1736 700 1800 ponens,
745 1720 934 1786 huius
981 1727 1195 1786 autem
1239 1739 1577 1787 consonam
1619 1720 1912 1786 ultimam
1952 1721 2018 1785 in
2061 1719 2179 1785 rho
2200 1722 2508 1808 mutatam
2541 1734 2687 1782 esse

443 1840 617 1888 more
641 1822 912 1903 Aeolico,
935 1823 1373 1890 v.Parall.217
1399 1822 1481 1905 *).
1511 1860 1581 1869 -
1611 1821 1833 1905 Neque
1857 1824 2058 1905 magis
2101 1838 2400 1887 assensus
2445 1825 2546 1885 est
2585 1819 2682 1898 iis,

443 1925 552 2006 qui
596 1924 845 1990 casibus
888 1925 1244 2006 pluralibus
1290 1926 1654 2012 Κέρκυρες,
1699 1919 1993 2011 ’Ἰλλυρες
2048 1943 2126 1989 ex
2170 1923 2460 2004 analogia
2503 1919 2685 1986 affin-

444 2031 667 2107 gerent
707 2027 1125 2093 nominativos
1175 2031 1238 2091 K
1251 2027 1334 2106 έρ
1350 2055 1383 2089 κ
1399 2052 1488 2112 vo
1507 2077 1524 2108 ‚
1558 2019 1680 2094 '‘12
1697 2029 1732 2092 λ
1748 2053 1837 2114 υρ
1852 2077 1872 2110 ,
1916 2028 2140 2109 hisque
2165 2026 2422 2091 easdem
2462 2024 2686 2088 literas

445 2127 509 2204 ῖξ
550 2127 812 2194 abrasas
857 2129 1169 2210 dicerent,
1209 2129 1351 2194 ,sed
1419 2133 1642 2194 contra
1687 2130 2034 2211 disputavit
2097 2130 2164 2194 in
2220 2126 2365 2192 EM.
2410 2124 2555 2191 506.
2602 2125 2689 2190 20

445 2226 513 2295 ai
559 2225 824 2297 εὖθὲῒαι
873 2228 993 2297 οὒκ
1038 2228 1363 2322 εἴρηνται,
1433 2228 1593 2298 οὐδὲ
1640 2231 1988 2318 πρόκειται
2034 2226 2218 2319 ἡμῖν,
2287 2226 2347 2296 εἶ
2391 2224 2525 2317 ἔρα
2572 2224 2685 2322 diq-

444 2356 639 2396 ναται
684 2332 1015 2417 γενέσθαι,
1065 2328 1256 2400 ἀλλὰ
1281 2333 1349 2400 τί
1392 2331 1729 2421 εἰρήκασιν
1760 2333 2098 2422 Ἓλληνεςς
2139 2328 2276 2399 Οὔκ
2310 2329 2439 2419 ἄρα
2464 2330 2688 2412 ἔχεται

447 2427 825 2521 ἀποκοπῆς,
875 2430 1044 2500 ἀλλὰ
1071 2433 1351 2525 (πλάνη)
1398 2435 1673 2516 κλίσεώς
1717 2437 1896 2504 ἐστιν
1941 2430 2020 2503 οὗ
2046 2430 2145 2521 (ἢ)
2176 2429 2683 2516 μεταπλασμός,

443 2536 563 2601 hoc
607 2539 708 2601 est
756 2536 1076 2622 Κέρκυρες
1133 2540 1372 2606 dictum
1426 2559 1571 2606 esse
1634 2558 1751 2621 pro
1795 2541 2155 2625 Κέρκυροι,
2221 2538 2400 2603 cuius
2466 2536 2683 2616 singu·

442 2640 643 2704 larem
691 2641 756 2701 Κ
755 2637 1025 2725 έρκυρος
1079 2641 1247 2721 apud
1292 2643 1660 2708 Alcmanem
1702 2642 1970 2724 reperiri
2014 2642 2122 2706 ait.
2210 2639 2431 2721 Neque
2477 2655 2683 2717 secuS,

441 2746 615 2824 puto,
661 2740 1045 2806 existimavit
1088 2742 1167 2807 de
1211 2743 1336 2808 alio
1377 2747 1626 2812 nomine
1672 2743 1986 2828 gentilicio
1999 2793 2014 2823 ,
2061 2742 2231 2824 quod
2273 2760 2314 2807 a
2354 2741 2684 2809 Prisciauo

442 2845 568 2911 huc
609 2844 883 2910 relatum
927 2847 1030 2909 est
1070 2842 1196 2909 VH
1238 2850 1294 2911 4.
1343 2844 1470 2911 298
1539 2848 1608 2913 Τ.
1651 2849 1687 2913 1
1738 2847 1886 2911 Iber
1928 2844 2161 2913 Iberis,
2193 2867 2316 2929 per
2338 2864 2686 2929 *apocopen

437 2945 760 3031 prolatum
769 2969 791 3027 ,-
834 2964 981 3011 nam
1026 2946 1144 3012 hoc
1187 2965 1386 3029 genus
1431 2951 1796 3015 universum
1835 2952 1904 3015 in
1947 2967 2055 3015 ore
2100 2947 2319 3029 populi
2361 2946 2486 3012 huc
2526 2944 2684 3011 illuc

442 3047 734 3113 trahitur.
786 3083 858 3094 —
932 3046 1330 3112 Adiectivum
1395 3051 1618 3116 eodem
1656 3053 1866 3117 ,modo
1932 3052 2374 3116 detruncatum
2436 3047 2686 3130 profert
2816 3044 2823 3051 '

443 3148 802 3231 Stephanus
857 3167 907 3215 S.
953 3150 1761 3237 Βέχειρ-χρυσοὲθειρ
1820 3150 1972 3234 παρ’
2018 3149 2375 3240 Ἀρχιλόχῳ
2428 3146 2683 3218 ἀποκέ-

442 3277 681 3319 κοπται
729 3252 800 3319 ἐκ
843 3256 962 3320 τοῦ
1002 3252 1499 3339 χρυσοέθειρος.
1588 3253 1664 3320 Id
1705 3255 1772 3318 in
1813 3253 2043 3320 Parall.
2087 3255 2213 3320 210
2265 3256 2479 3336 potius
2535 3271 2685 3318 cum

442 3354 634 3443 ἔθειρ
701 3356 1118 3437 compositum
1196 3372 1336 3421 esse
1415 3357 1617 3423 statui
1682 3355 1955 3422 confisus
2023 3356 2253 3423 Suidae
2314 3357 2684 3422 testimonio

440 3456 633 3546 ἔθειρ
681 3494 755 3505 -
808 3453 846 3542 ἡ
896 3452 1223 3542 uitiatam)
1270 3456 1530 3542 ἔθειρα.
1625 3459 1753 3525 Sed
1794 3460 1914 3525 hoc
1946 3450 2317 3541 Bernhardy
2358 3477 2683 3541 gramma-

440 3559 551 3625 tici
593 3564 1015 3627 commentum
1058 3576 1201 3624 esse
1257 3559 1524 3643 iuQieat,
1589 3580 1797 3644 neque
1842 3580 1960 3643 ego
2003 3580 2317 3644 opponam
2376 3561 2547 3627 idem
2613 3562 2685 3625 in

440 3659 583 3727 EM.
635 3659 774 3726 107.
830 3659 912 3726 37
979 3662 1307 3727 coniuncte
1371 3680 1515 3728 cum
1570 3665 1882 3731 similibus
1940 3663 2186 3752 φθείρ,
2266 3664 2493 3749 Βέχειρ
2558 3669 2683 3729 etc.

437 3762 734 3845 proferri3
778 3782 926 3829 nam
968 3763 1282 3830 Arcadius
1304 3765 1406 3830 20.
1435 3765 1533 3846 17,
1580 3767 2052 3833 Choeroboscus
2075 3765 2180 3831 86.
2211 3766 2289 3832 18
2331 3770 2402 3832 et
2420 3765 2568 3831 345.
2593 3766 2683 3831 30

438 3871 630 3948 atque
675 3866 1111 3949 Theognostus
1155 3865 1258 3933 41.
1304 3868 1387 3934 25
1447 3869 1515 3933 in
1557 3870 1746 3953 longo
1790 3870 2080 3952 catalogo
2122 3870 2445 3935 nominum
2486 3869 2681 3934 huius

439 3966 681 4051 figurae
724 3968 806 4034 ab
850 3968 1229 4051 Herodiano,
1273 3977 1349 4036 ut
1388 3972 1656 4053 videtur,
1700 3978 1991 4053 pertexto
2036 3971 2229 4059 ἔθειρ
2272 3971 2681 4053 praetermit-

437 4076 609 4153 tunt,
675 4089 882 4154 neque
947 4073 1192 4138 addunt
1256 4074 1688 4154 exceptionem
1753 4075 2125 4140 solemnem:
2203 4074 2279 4139 τὸ
2346 4075 2424 4141 δὲ
2487 4072 2681 4160 ἔθειρ

570 4292 631 4359 ⁸³)
665 4294 824 4347 Adit..-
859 4282 1107 4366 ,μάρτῦᾇ
1143 4295 1329 4350 Arcad-
1364 4295 1509 4364 [193]
1544 4306 1607 4353 ut
1638 4296 1956 4370 ἀλάστορος,
1991 4299 2368 4372 ὲκδέκτορος.“
