2946 4928
1311 73 1352 84 u.

397 300 524 367 272
1126 298 1685 368 DISSERTATIO
1740 299 1920 367 VIII.

396 463 621 528 ultima
653 474 847 549 parte
903 463 1183 548 loquelae
1250 474 1378 527 aut·
1402 463 1588 528 litera
1633 461 1984 527 detrahitur
2047 473 2118 527 ut
2160 459 2472 526 Achilli
2531 473 2646 526 aut

395 565 642 654 syllaba
698 578 768 630 ut
812 554 1027 630 cuam
1072 564 1164 630 do
1189 567 1269 651 *).
1359 566 1542 632 Hanc
1583 566 1873 633 Donatus
1929 568 1995 633 in
2038 565 2322 632 ArteIII
2367 567 2412 633 ὅ
2450 584 2643 648 para-

398 689 597 753 gogae
642 670 1023 737 contrariam
1067 688 1209 737 esse
1254 670 1433 751 dicit,
1502 669 1845 753 Gregorius
1890 668 2016 735 460
2060 669 2644 751 proschematismo.

397 771 687 855 Utroque
733 773 1022 839 subtilior
1067 772 1542 840 Choeroboscus
1587 771 1739 839 Can.
1785 769 1928 839 366.
1975 772 2059 838 30
2102 774 2262 840 duas
2308 772 2648 840 ablationis

400 876 645 959 species
692 877 823 943 suis
868 878 1172 943 discernit
1211 876 1597 957 nominibuS,
1665 896 1857 943 unam
1900 876 2207 960 syllabae:
2281 873 2454 993 κάρα
2501 871 2646 943 ἀπὸ

397 982 519 1047 τοῦ
564 975 876 1069 κάρηνον,
926 976 1095 1048 λίπα
1143 975 1280 1048 ἀπὸ
1328 983 1446 1045 τοῦ
1493 976 1812 1068 λιπαρόν,
1880 980 2144 1046 alteram
2187 980 2376 1045 unius
2420 980 2651 1046 literae

396 1085 644 1150 iactura
673 1083 1236 1165 circumscriptam:
1284 1075 1539 1171 ἶίλειφα
1585 1078 1724 1150 ἀπὸ
1771 1086 1890 1148 τοῦ
1935 1065 2224 1172 ἄλειφαρ
2271 1077 2313 1171 ἢ
2342 1074 2650 1173 ἷίλειφας

396 1190 682 1271 κρεῖττον
726 1181 842 1253 ουν
887 1182 1179 1253 ἐνταῦθα
1226 1179 1571 1274 ἀποβολὴν
1618 1186 1847 1274 λέγειν,
1900 1185 2134 1271 ἐπειδὴ
2166 1186 2243 1252 τὸ
2269 1188 2653 1256 τελευταῖον
2718 1203 2731 1208 “

397 1286 754 1377 σύμφωνον
793 1284 1191 1377 ’ἀπεβλήθη
1239 1288 1306 1355 ἐν
1351 1288 1428 1357 δὲ
1472 1292 1553 1378 τῇ
1596 1283 1919 1380 αποκοπῇ
1961 1288 2229 1369 τελείως
2273 1286 2650 1358 ἀποκόπτε-

398 1417 512 1458 ται
556 1387 598 1478 ἡ
646 1389 992 1474 τελευταία
1038 1391 1334 1479 συλλαβὴ
1394 1382 1538 1459 οἷον
1584 1395 1708 1468 ὁῶ,
1777 1395 2004 1459 κυκεῶ.
2092 1392 2271 1460 Haec
2324 1395 2390 1459 in
2436 1413 2651 1476 gram·

395 1495 768 1561 maticorum
813 1496 1064 1579 scriptis
1108 1515 1233 1562 non
1276 1514 1422 1562 raro
1466 1514 1739 1581 syncope
1762 1497 2138 1580 appellatur,
2184 1517 2241 1564 v.
2266 1496 2495 1562 Techn.
2519 1517 2580 1580 p.
2607 1497 2652 1561 5

397 1598 558 1666 adn„
584 1597 643 1664 5.
699 1598 742 1664 J
743 1616 846 1663 am
891 1598 945 1663 si
992 1599 1162 1665 ultra
1206 1600 1515 1665 cancellos
1560 1598 1813 1665 scholae
1856 1600 2322 1683 progredimur,
2365 1602 2655 1683 proxime

395 1702 462 1766 in
505 1701 914 1767 Aristotelem
961 1702 1293 1769 incidimus
1308 1753 1325 1785 ‚
1391 1704 1500 1786 qui
1559 1703 1625 1768 in
1666 1704 1842 1769 Poet.
1887 1702 2041 1768 XXI
2086 1704 2364 1768 omnium
2407 1704 2654 1786 primus

396 1805 608 1870 varias
652 1804 1100 1870 vocabulorum
1145 1826 1185 1871 a
1226 1811 1401 1873 recto
1447 1806 1897 1872 declinationes
1940 1805 2218 1871 breviter
2262 1810 2327 1873 et
2372 1824 2653 1871 summae

397 1909 514 1974 tim
559 1908 917 1974 delineavit,
1005 1908 1071 1973 Is
1117 1909 1311 1990 igitur
1354 1909 1479 1976 duo
1523 1927 1743 1975 eorum
1773 1925 2007 1990 genera
2052 1929 2139 1976 en
2152 1911 2419 1976 adverso
2443 1910 2658 1992 posita

321 2084 330 2090 ,
396 2010 852 2093 complectitur,
898 2011 975 2077 τὸ
1020 2009 1531 2095 ἓπεκτεταμένον
1575 2012 1685 2077 καὶ
1731 2010 1806 2078 τὸ
1854 2006 2317 2102 ἀφῃρημένον
2383 2013 2462 2080 τὸ
2507 2012 2654 2098 μὲν,

398 2110 515 2180 ἐὰν
559 2109 886 2202 φωνήεντι
929 2114 1324 2203 μακροτέρῳ
1368 2115 1757 2203 κεχρημένος
1820 2104 1865 2202 ᾗ
1923 2119 2042 2180 τοῦ
2088 2112 2342 2183 οἰκείου
2395 2112 2442 2204 ἢ
2494 2118 2654 2183 συλ-

399 2216 1075 2308 λαβῇ.ἑμβεβλημένῃ
1141 2210 1284 2285 οἷον
1350 2212 1430 2285 τό
1487 2214 1736 2296 πόλεος
1781 2214 2054 2307 πόληος,
2114 2215 2448 2306 Πηλείδου
2501 2209 2691 2308 Πηι-ἐ

398 2314 720 2407 ληΐάδεω·
765 2320 839 2388 τὸ
888 2321 977 2403 δὲ,
1028 2316 1145 2389 ἒοῖν
1189 2317 1612 2411 ἀφῃρημένον
1652 2312 1698 2410 ᾖ
1744 2346 1809 2387 τι
1840 2316 2046 2388 αὐτοῦ
2096 2310 2240 2387 οἷον
2282 2319 2359 2387 τὸ
2392 2326 2501 2408 κρῖ
2542 2323 2658 2389 καὶ

398 2419 475 2488 τὸ
523 2421 619 2490 δῶ
664 2421 772 2491 καὶ
818 2418 940 2512 ὂψ.
1029 2422 1132 2492 Sic
1187 2429 1255 2491 et
1298 2425 1488 2492 schol.
1532 2425 1606 2492 11.
1652 2423 1683 2490 I
1734 2421 1856 2491 104
1916 2415 2074 2491 ὄσσε
2117 2423 2496 2506 aphaeresin
2539 2444 2655 2508 ap-

398 2525 613 2608 pellat,
657 2546 872 2594 veram
897 2534 1112 2596 autem
1135 2529 1513 2612 aphaeresin
1538 2522 1662 2613 ἦμί
1686 2528 1877 2615 schol.
1903 2527 2017 2594 Od.
2041 2527 2200 2594 VIII
2226 2527 2350 2603 ,186
2383 2528 2652 2612 (Anecd.

399 2629 656 2695 Bachm.
704 2630 772 2696 T.
818 2632 910 2698 IV
958 2631 1109 2716 171)
1167 2651 1485 2716 apocopae
1541 2631 1794 2697 nomine
1839 2630 2065 2713 signat.
2153 2631 2334 2697 Philo
2381 2632 2657 2714 denique

401 2740 480 2798 de
524 2732 716 2816 Legg.
764 2732 978 2818 Specc.
1023 2736 1056 2802 1
1104 2737 1229 2802 770
1271 2737 1392 2802 hoc
1434 2735 1518 2800 ad
1560 2734 1735 2798 illam
1754 2733 2122 2800 reticentiae
2147 2735 2419 2816 speciem
2444 2741 2659 2801 trans-

397 2834 556 2917 fert,
618 2856 745 2919 qua
785 2837 1069 2904 iurantes
1113 2857 1341 2906 nomen
1397 2839 1501 2904 dei
1546 2835 1795 2903 silentio
1839 2836 2307 2909 transmittunt:
2373 2838 2475 2925 νὴ,
2510 2836 2655 2909 τόν,

398 2938 494 3022 μὰ
541 2934 671 3005 τόν.
760 2939 932 3006 Vera
974 2945 1189 3008 autem
1255 2946 1322 3008 et
1362 2941 1648 3023 legitima
1692 2940 2111 3022 appellatione
2168 2943 2374 3008 utitur
2419 2941 2656 3008 Strabo

399 3039 557 3105 VIII
601 3039 727 3106 364
772 3046 912 3129 κρῖ,
960 3045 1055 3110 δῶ
1112 3048 1179 3110 et
1223 3045 1349 3109 alia
1393 3043 1681 3126 exempla
1726 3061 2129 3124 coacervans,
2200 3062 2363 3134 quae
2406 3045 2510 3111 hic
2555 3047 2654 3112 di—

402 3143 693 3210 stinctius
760 3150 1038 3212 tractare
1093 3147 1489 3229 propositum
1533 3151 1649 3212 est.
1762 3145 1890 3211 Sed
1942 3147 2070 3213 iam
2133 3149 2418 3230 exposito
2436 3199 2451 3229 ‚
2521 3169 2653 3232 quo

399 3264 622 3313 cursus
691 3249 943 3330 tendat,
1009 3249 1166 3315 nihil
1232 3255 1359 3332 est,
1427 3250 1597 3332 quod
1661 3269 1776 3316 nos
1840 3251 1907 3316 in
1970 3250 2089 3316 hoc
2120 3235 2354 3317 ⁴limine
2408 3252 2656 3319 diutius

398 3351 690 3418 retineat.

1316 3663 1612 3747 Caput
1676 3664 1726 3731 1.

1056 3786 1175 3862 De
1227 3812 1560 3893 apocope
1602 3786 1991 3864 vocalium.

573 3917 609 4002 ἓ
639 3916 695 3983 1.
781 3918 879 3985 De
921 3920 1232 3987 vocalium
1272 3922 1479 4003 prima
1522 3923 1752 3988 mimm
1807 3927 1924 4002 est,
1969 3922 2135 4004 quod
2171 3920 2648 3991 Choeroboscus

399 4021 598 4087 tradit
621 4019 771 4088 Can.
800 4020 940 4088 183.
963 4023 1023 4103 5,
1067 4027 1201 4090 πᾶν
1246 4049 1452 4108 ονομα
1473 4021 1970 4110 μονοσύλλαβον
2007 4033 2655 4114 μακροκαταληκτεῖν

537 4210 595 4278 *)
632 4211 859 4281 &yfen-ti
888 4229 1072 4267 momen
1111 4214 1171 4266 im
1202 4214 1435 4283 mar-,qim
1468 4215 1782 4283 adm-ipmm
1815 4225 1909 4281 eet,
1961 4218 2054 4286 qui
2075 4220 2262 4286 plures
2290 4219 2646 4287 mammatico·

399 4314 571 4353 torum
606 4295 913 4353 latinorum
945 4301 1076 4353 locos
1108 4302 1303 4371 colleqit
1333 4302 1391 4355 17η
1419 4311 1690 4372 qrammat.
1727 4304 1847 4358 Lat.
1887 4304 1925 4357 Ι
1952 4307 1984 4369 ὅ
2019 4300 2140 4362 369.
