2946 4928
397 357 483 426 98
1122 353 1707 440 ‚mssnnrn‘no
1771 354 1879 421 vr.

397 523 480 589 ad
541 518 1087 603 interpretandum
1147 518 1221 584 11.
1265 518 1366 584 111
1410 516 1537 583 273
1551 566 1567 598 ,
1632 516 1743 582 ubi
1806 516 1954 583 inde
2018 534 2061 580 a
2121 514 2308 596 longo
2350 516 2639 595 tempore

394 624 721 706 vulgatum
767 627 868 688 est
911 617 1127 709 ἀρνῶν
1173 620 1244 689 ἐκ
1267 621 1606 708 κεφαλέων
1643 616 1884 704 τάμνεν
1905 615 2151 707 τρίχας,
2197 616 2315 699 sed
2354 615 2641 682 nonnihil

398 726 809 792 dissensionis
873 723 1070 791 fuisse
1124 723 1338 807 prodit
1380 724 1573 791 schol.
1616 724 1690 789 B.
1737 721 1803 788 C.
1849 721 2020 800 τινὲς
2063 715 2263 807 ἂρνέ
2272 744 2406 796 ων,
2471 712 2551 785 ἵν’
2590 707 2635 817 ᾖ

330 910 333 915 Ι
399 824 490 908 ὥς
532 825 889 896 ἱππείων
935 823 1273 896 ὁπλέων.
1384 826 1471 892 Hi
1514 825 1708 909 igitur
1751 819 2004 913 ὀρνέων
2046 840 2159 905 pro
2205 817 2486 910 ἇρνείων
2526 839 2638 903 po-

399 933 593 998 situm
661 949 802 997 esse
867 934 1229 996 statuerunt
1289 934 1542 995 exemto
1605 930 1738 995 iota
1800 932 1875 993 ut
1938 922 2169 1010 βόεος,
2240 918 2468 1001 κύνεος
2521 927 2639 989 etc.

399 1035 552 1113 Quis
596 1035 689 1100 ita
732 1034 1078 1114 censuerit,
1145 1034 1329 1102 docet
1383 1032 1575 1098 schol.
1619 1032 1693 1096 A.
1736 1031 1950 1097 verbis
1993 1029 2073 1094 ab
2118 1026 2501 1106 Aristonico,
2567 1029 2644 1090 ut
2705 1114 2716 1119 ἱ

396 1137 603 1204 adhuc
627 1137 938 1203 creditum
959 1140 1078 1215 est,
1123 1136 1367 1217 sumtiS,
1413 1133 1966 1216 sedvixintegris:
1993 1126 2371 1219 Ζηνόδοτος
2393 1123 2642 1216 γράφει

399 1237 698 1327 ὀρνέων
743 1238 826 1306 ἐκ
871 1237 1323 1326 κεφαλέων·
1391 1233 1533 1304 ἀπὸ
1602 1238 1676 1305 δὲ
1718 1241 1849 1303 τῶν
1893 1235 2058 1301 κατὰ
2104 1235 2222 1320 τὴν
2266 1228 2482 1321 ὀρθὴν
2528 1233 2643 1320 λη-

395 1340 642 1431 γόντων
686 1339 783 1420 εἷς
827 1346 887 1419 ἴς
928 1336 1006 1408 οὐ
1053 1340 1342 1427 γίνονται
1387 1343 1696 1408 τοιαῦται
1743 1340 2124 1426 διαιρέσεις,
2150 1331 2290 1404 ἀλλ’
2325 1332 2465 1402 ἀπὸ
2511 1337 2643 1400 τῶν

400 1443 496 1525 εἰς
539 1450 631 1516 Ta?-
677 1441 740 1513 εἷ
784 1445 858 1513 δὲ
904 1437 1113 1532 ἄρνες,
1163 1439 1398 1532 ἀρνῶν.
1490 1442 1619 1510 Sed
1659 1444 1846 1525 longe
1891 1440 2206 1507 diversam
2247 1439 2342 1504 illi
2385 1441 2642 1503 senten-

396 1551 552 1615 tiam
595 1549 820 1615 tribuit
844 1547 1065 1629 -Epim.
1111 1545 1346 1628 1239,
1410 1546 1555 1612 EM.
1601 1547 1746 1613 507.
1796 1544 1894 1626 17,
1941 1542 2102 1609 eud„
2149 1541 2298 1608 318.
2341 1540 2382 1606 3
2427 1538 2642 1607 ’κανών

397 1646 576 1719 ἐστὶν
632 1648 668 1718 ὃ
724 1651 930 1736 λέγων
973 1650 1048 1716 τὸ
1092 1649 1394 1737 κτητικὸν
1437 1649 1727 1716 ἐπὶτῶν
1772 1647 2163 1731 σωματῐκῶν
2203 1650 2424 1733 μερῶν
2468 1645 2641 1729 λαμ-

392 1751 727 1839 βάνεσθαι
773 1753 940 1819 κατὰ
986 1749 1393 1841 τεθνηκότος
1418 1753 1489 1836 3)·
1537 1752 1643 1819 διὸ
1690 1749 1804 1818 καὶ
1843 1750 2224 1837 μέμφονται
2264 1744 2642 1835 Ζηνοδότῳ·

397 1861 665 1945 κτητικῇ
714 1859 836 1940 γὰρ
882 1852 1207 1942 ἐχρήσατο
1254 1858 1443 1942 φωνῇ
1492 1852 1594 1920 ἐπὶ
1643 1850 1900 1935 ζώντων
1947 1848 2182 1941 ἀρνῶν.
2271 1851 2448 1916 Haec
2492 1853 2642 1914 ante

398 1959 584 2025 dictis
628 1959 720 2023 ita
763 1959 1040 2039 graviter
1082 1961 1457 2039 repugnant,
1503 1961 1583 2021 ut
1617 1957 1684 2022 in
1720 1956 2028 2038 principio
2060 1955 2280 2022 scholii
2300 1953 2644 2020 Aristonici

400 2062 596 2128 verba
640 2060 965 2139 excidisse,
1010 2060 1067 2125 is
1111 2064 1327 2124 autem
1370 2058 1461 2123 sic
1504 2056 1637 2123 fere
1684 2058 2011 2141 scripsisse
2056 2059 2377 2125 videatur:
2423 2052 2640 2146 Ζηνός-

398 2168 593 2242 docos·
637 2159 882 2251 γράφει
929 2160 1253 2249 ἀρνέων,
1301 2160 1706 2239 ἒπιθετικῶς
1750 2156 2057 2241 ἀντὶ-τοῦ
2102 2158 2474 2250 α’ρνείων·
2521 2185 2641 2225 κα-

396 2269 526 2344 κῶς
573 2265 668 2333 δὲ·
714 2263 928 2330 κανῶν
974 2260 1096 2350 γάρ
1143 2263 1320 2333 ἐστιν
1350 2300 1420 2310 -
1452 2258 1646 2328 ἄλλοι
1674 2263 1747 2331 δὲ
1793 2260 2090 2353 ἇρνέων
2137 2264 2644 2354 προσηγορικῶς

398 2366 538 2436 ἀπὸ
607 2372 724 2456 τῆς
791 2360 984 2452 ὄῖρνες
1028 2364 1333 2446 εὐθείας·
1394 2361 1728 2432 ἀλλ’-ἀπὸ
1774 2372 1899 2432 τῶν
1946 2363 2039 2445 εἶς
2086 2367 2241 2450 ·-⁴).
2327 2365 2492 2432 Hinc
2536 2382 2640 2431 co·

402 2474 759 2555 gnoscimus
772 2522 787 2553 ,
853 2473 1057 2538 illum-
1099 2467 1258 2561 ἀρνέ
1261 2496 1352 2536 ων
1395 2470 1529 2536 sive
1574 2470 1953 2537 adjectivum
1997 2472 2130 2537 sive
2175 2470 2643 2537 substantivum

400 2576 753 2657 aequaliter
796 2575 1131 2641 damnasse
1175 2592 1496 2656 unumque
1543 2573 1872 2639 admisisse
1905 2569 2121 2661 ἀρνῶν
2144 2575 2641 2654 Aristarcheum,

400 2679 569 2761 quod
636 2676 1009 2744 confirmant
1073 2682 1287 2743 cetera
1328 2677 1590 2742 Homeri
1634 2677 1921 2759 exempla
1961 2682 2195 2766 χηνῶν,
2238 2681 2477 2765 χειρῶν
2521 2682 2641 2743 etc.

399 2781 721 2847 Diaeresis
766 2782 1086 2845 nominum
1131 2780 1318 2845 huius
1360 2777 1601 2844 formae
1645 2779 1753 2844 ille
1788 2779 2123 2861 vestigium
2167 2780 2411 2846 nullum
2452 2798 2639 2864 prae-

394 2883 521 2964 bet,
564 2903 712 2949 nam
756 2885 924 2965 quod
968 2878 1158 2949 sch'ol.
1212 2883 1296 2949 ad
1337 2883 1411 2948 ΙΙ.
1455 2883 1551 2948 IX
1597 2882 1720 2948 327
1768 2882 2076 2949 adnotant
2118 2880 2340 2971 ὀάρων
2386 2884 2641 2971 γράφε-

400 3010 511 3050 ται
558 2983 671 3051 καὶ
737 2981 961 3072 ὠρέων
1005 3005 1045 3050 a
1108 2986 1491 3052 nominativo
1539 2979 1735 3072 ὦρες,
1804 2985 1933 3051 iam
1977 2985 2086 3049 diu
2141 2984 2208 3050 in
2262 2985 2640 3051 oblivionem

401 3088 605 3166 venit3
669 3105 865 3151 unum
930 3086 1186 3153 Hesiod.
1233 3088 1463 3170 Theog.
1509 3087 1635 3154 235
1680 3086 2074 3171 θεμιστέων,
2130 3106 2245 3170 pro
2298 3107 2422 3171 quo
2464 3089 2641 3156 Junt.

401 3291 654 3365 διεκρίθη
690 3291 965 3374 (διῃρέθη)
1003 3288 1076 3353 ὥς
1109 3290 1170 3347 τὸ
1205 3289 1414 3348 ὅτου“.
1465 3296 1535 3360 cf.
1569 3294 1782 3347 Hemm.
1821 3295 1864 3347 Ι
1897 3291 2017 3349 422.
2072 3295 2274 3349 Bekker
2309 3296 2408 3351 Od.
2449 3297 2486 3350 l.
2520 3297 2558 3350 l.
2593 3304 2643 3351 et
2719 3322 2730 3330 ·

396 3379 470 3432 Iz.
505 3380 621 3432 XV
649 3374 752 3434 664
791 3375 945 3448 ὅτεῳ,
985 3380 1058 3431 1Ζ.
1093 3380 1229 3434 ΧΙΙ
1254 3377 1358 3433 428
1393 3374 1544 3449 ὁτέῳ.

534 3463 593 3525 3)
643 3466 921 3532 Inculpata
976 3473 1099 3519 sunt
1148 3467 1318 3525 ἵππος
1344 3463 1787 3534 Ἀγαμεμνονέη,
1843 3465 1975 3532 νηῦς
2025 3469 2303 3538 Νεστορέῃ
2358 3474 2491 3534 etc„
2545 3470 2641 3524 sed

395 3554 581 3601 contra
632 3551 872 3617 regulam
908 3551 1265 3605 Callimachus
1312 3551 1438 3622 χεὶρ
1500 3550 1872 3617 Πολυδευκείη
1924 3552 2052 3605 dicit
2102 3559 2157 3607 et
2200 3554 2296 3620 al„
2349 3569 2402 3611 v,
2437 3554 2639 3608 Anecd.

405 3634 580 3689 Crem.
618 3634 682 3690 Τ.
712 3635 795 3689 ·1V
830 3632 951 3690 329.

530 3736 587 3802 4)
621 3737 707 3790 Ad
738 3738 963 3790 lacunae
997 3740 1348 3805 suspicionem
1384 3740 1592 3793 accedit
1627 3742 1917 3809 scripturae
1953 3743 2222 3809 mendum,
2277 3743 2422 3810 quod
2454 3743 2635 3796 Dueh-

391 3828 593 3876 tzerum
627 3825 685 3874 in
719 3823 917 3875 Zenod.
943 3823 1009 3878 73
1043 3826 1244 3896 fefellit,
1281 3828 1350 3878 ab
1385 3827 1678 3881 Aristonici
1713 3829 1915 3881 editore
1948 3829 2109 3881 tacite
2145 3836 2436 3882 correctum
2472 3847 2525 3897 p.
2550 3831 2635 3884 87.

391 3909 548 3973 Quod
589 3910 645 3960 in
678 3909 801 3961 ΕΜ.
837 3910 930 3964 ult,
982 3912 1337 3978 subscriptum
1391 3917 1476 3964 est
1527 3908 1586 3965 τὸ
1641 3911 1857 3984 ἀρνίων
1892 3911 1994 3968 οὐκ
2044 3913 2225 3968 ἔπαθε
2277 3910 2637 3985 πλεονασμόν

324 4011 339 4027 ·
392 3990 532 4045 ἀλλὰ
568 3999 889 4065 συναίρεσιν
923 3998 1047 4057 (ser.
1067 3995 1379 4068 διαίρεσιν),
1398 4001 1574 4067 accipi
1607 3993 1766 4055 debet'
1799 4002 1866 4054 de
1898 4001 2158 4055 omnibus.
2229 4003 2366 4056 Vere
2399 4003 2640 4055 abundat

393 4081 600 4149 epsilon
633 4083 690 4132 in
725 4081 1008 4147 adverbiis,
1046 4099 1184 4149 quae
1219 4085 1357 4151 epici
1388 4087 1546 4137 metri
1579 4089 1755 4153 gratia.
1787 4088 1893 4139 hue
1927 4088 2167 4152 dilatant,
2197 4083 2483 4157 ἀψοφέως,
2504 4104 2636 4158 προ-

392 4169 659 4236 φρονέως,
696 4164 917 4219 Elemm.
937 4168 964 4219 I
982 4165 1104 4222 419.
1172 4171 1314 4221 Hinc
1345 4171 1479 4222 illud
1514 4172 1707 4240 differt,
1745 4174 1885 4241 quod
1920 4175 2169 4242 genitivis
2203 4175 2403 4227 Ionicis
2438 4180 2634 4228 nutura

388 4254 605 4306 insitum
639 4258 736 4318 est,
772 4255 1006 4320 synizeei
1038 4256 1338 4322 obnoxium,
1387 4260 1705 4327 tertiumque
1758 4277 1796 4313 a
1827 4250 2201 4327 synecdrome,
2242 4267 2305 4315 ut
2337 4261 2461 4326 dixi,
2508 4275 2631 4326 pro·

328 4354 341 4357 ·
387 4339 601 4393 fectum.
