2946 4928
475 311 602 378 334
802 310 1225 378 Ermoeus
1266 311 1383 377 nn
1428 311 2179 379 INTERPUNGTIONE
2227 282 2409 379 cim

474 474 675 539 critici
718 473 835 539 hoc
878 491 1004 539 uno
1032 474 1218 539 modo
1262 474 1342 539 ab
1364 474 1645 540 Isocrate
1667 475 1928 557 eiusque
1959 475 2383 541 imitatoribus
2413 477 2720 559 arcent⁴).

473 575 570 641 De
613 577 818 658 poetis
863 576 1119 658 qui'dem
1160 578 1337 642 nulla
1377 595 1537 643 esse.
1565 581 1780 659 potest
1822 578 2134 643 dubitatio
2147 628 2163 658 ,
2230 578 2381 659 quin
2445 576 2546 642 fas
2603 578 2718 643 ha-

471 678 726 744 buerint
767 680 1017 745 vocales
1059 679 1527 766 vocabulorum·
1551 680 1807 745 ultimas
1873 684 2021 745 ante
2066 697 2307 746 comma
2360 675 2718 761 opprimere

472 797 934 863 consonamque
978 783 1037 847 ei
1080 782 1580 863 antecedentem,
1626 784 1681 848 si
1723 783 1933 848 tenuis
1977 788 2094 862 est,
2139 783 2502 864 adaequare
2547 784 2717 866 aspi-

470 888 648 949 ratae
661 885 943 965 proxime
957 886 1273 967 sequenti:
1299 876 1391 963 ὣς
1414 882 1904 973 ἔφαθ’·Ἓκτωρ
1930 881 2125 953 ‹ie—5
2146 881 2382 970 μάντις
2405 877 2563 973 εἶφ’.
2591 883 2627 950 ὅ
2659 882 2714 953 δ’

472 985 680 1066 εὐθὺς
729 1025 825 1053 -.
912 986 1047 1053 Nec
1091 988 1296 1053 solum
1340 988 1656 1069 simplices
1701 1004 2004 1053 consonas
2047 988 2113 1053 in
2130 988 2479 1069 proximam
2524 989 2716 1071 sylla-

467 1089 617 1155 bam
659 1088 1082 1171 transferunt,·
1151 1091 1265 1155 sed
1310 1090 1506 1155 etiam
1568 1091 1635 1154 in
1679 1088 1941 1171 syllepsi
1979 1091 2245 1172 positas:
2334 1095 2581 1179 φεῦγον
2653 1091 2745 1169 ἐς·

471 1184 741 1273 ἄναχθ’·
802 1187 840 1256 ὁ
890 1192 966 1259 δέ
1007 1188 1073 1274 μ’
1124 1187 1444 1259 ὑπέδεκτο
1490 1193 1562 1257 11.
1608 1192 1702 1257 IX
1746 1190 1901 1272 480,
1944 1193 2036 1278 μὴ
2086 1187 2346 1279 θιιῆσχ’·
2395 1190 2546 1271 ἅλις
2590 1194 2717 1280 γὰρ
2761 1252 2772 1264 ,

469 1298 597 1359 τῶν
640 1288 1058 1382 τεθνηκότων
1102 1294 1253 1359 Eur.
1296 1284 1508 1360 Rhes.⁰
1531 1294 1676 1360 870.
1766 1294 1928 1372 Quin
1972 1314 2049 1360 eo
2090 1294 2598 1376 progrediuntur,
2646 1301 2719 1360 ut

468 1395 532 1461 in
578 1396 842 1478 dialogis
887 1398 1149 1462 scenicis
1195 1415 1501 1467 consonas
1566 1398 1632 1462 in
1677 1398 1942 1462 diastasi
1984 1398 2225 1479 positas
2290 1398 2459 1462 inter
2504 1398 2715 1463 diver-

467 1516 573 1563 sas
624 1517 929 1580 personas
975 1500 1291 1566 dividant:
1380 1499 1445 1567 u'
1513 1500 1687 1588 πρὸς
1749 1496 1929 1566 ταῦτ’
1972 1492 2166 1588 ·εἷφ’;
2215 1496 2304 1565 “O
2346 1521 2441 1580 τι;
2510 1501 2709 1566 Arist.

465 1601 654 1684 Vesp.
702 1600 844 1682 793,
894 1597 1060 1687 ἕρφ’.
1113 1598 1444 1690 ’Ὑφηγοῦ
1492 1602 1682 1686 Soph.
1725 1603 1824 1668 El.
1874 1600 2071 1682 1502,
2137 1602 2249 1667 ubi
2291 1606 2355 1689 <F
2398 1603 2607 1683 litera,
2658 1605 2713 1669 si

259 1745 270 1754 ·
379 1722 385 1728 ·
464 1704 774 1769 rationem
818 1704 1161 1786 sequimur,
1208 1705 1545 1772 dictionem
1592 1705 1859 1771 Orestae
1902 1703 2059 1784 finit,
2106 1705 2160 1770 si
2182 1706 2465 1786 regulam
2499 1724 2711 1787 gram-

462 1807 834 1872 maticorum
850 1856 866 1887 ,
931 1809 1405 1889 responsionem
1450 1809 1741 1891 Aegisthi
1784 1810 2056 1888 orditur:
2122 1809 2291 1889 quod
2332 1827 2458 1874 non
2500 1810 2713 1875 minus

462 1916 803 1992 repugnat,
849 1929 1040 1992 quam
1084 1913 1140 1975 si
1182 1916 1372 1994 poeta
1415 1912 1701 1978 scenicus
1748 1911 2121 1977 Germanice
2163 1912 2553 1993 loquentium
2600 1932 2710 1978 vo-

462 2029 567 2076 ces
638 2012 731 2077 ita
800 2014 1078 2079 ordinet:
1167 2012 1384 2077 M'mm
1453 2012 1555 2076 die
1601 2011 2052 2077 Geschen—-K,
2133 2012 2248 2076 Ich
2303 2012 2516 2076 nekme
2583 2015 2699 2077 aie.

460 2113 860 2181 Herodianus
904 2114 1170 2182 forsitan
1214 2117 1471 2197 dixerit,
1529 2114 1694 2202 ἕρπε
1738 2117 2279 2198 pronunciandum
2320 2135 2462 2181 esse
2506 2118 2710 2199 epsilo

457 2235 583 2281 non
626 2236 886 2299 prorsus
932 2220 1183 2302 abolit0,
1231 2221 1343 2286 sed
1368 2220 1695 2285 obscurius
1720 2219 2166 2284 subtinniente.
2254 2220 2356 2285 Ita
2397 2224 2577 2284 certa
2624 2219 2704 2284 de

457 2318 794 2386 Homerico
862 2317 1023 2389 δείλ’
1095 2322 1579 2402 sermocinatur,
1647 2321 1817 2402 quod
1883 2322 1938 2385 si
2005 2322 2146 2403 quis
2212 2319 2357 2389 δείλ
2425 2322 2708 2387 scribere

457 2422 692 2489 audeat
734 2424 916 2506 quasi
960 2442 1234 2507 apocope
1278 2422 1591 2506 affectum,
1638 2428 1858 2490 contra
1901 2428 2114 2490 monet
2156 2424 2355 2508 (quod
2394 2425 2499 2491 vix
2544 2439 2708 2506 opus

457 2528 653 2610 erat),
720 2527 865 2593 hinc
917 2544 1141 2593 sonum
1195 2528 1467 2594 existere
1520 2528 1862 2593 barbarum
1890 2527 1962 2611 ⁵).
2064 2528 2288 2609 Itaque
2333 2529 2709 2593 Aristarcho

454 2628 825 2711 obsequitur
892 2630 1071 2698 δειλέ
1112 2630 1298 2712 plene
1344 2631 1646 2697 scribenti
1711 2644 1855 2696 cum
1907 2631 2109 2696 vocali
2151 2629 2324 2696 finali
2377 2632 2706 2713 additque,

452 2731 571 2797 hoc
614 2733 1000 2798 incremento
1042 2738 1316 2797 metrum
1358 2752 1486 2797 non
1527 2733 1836 2815 perverti:
1892 2752 2049 2797 nam
2115 2737 2182 2797 et
2212 2731 2386 2799 ..ἐπεὶ
2453 2726 2570 2798 οὖν
2636 2735 2706 2799 in

453 2834 612 2900 duas
657 2835 942 2901 contrahi
988 2834 1297 2917 syllabaS,
1362 2836 1454 2920 μὴ
1505 2831 1582 2900 οὐ
1647 2835 1714 2899 in
1757 2854 1965 2900 unam.
2058 2833 2183 2899 Sed
2227 2835 2346 2901 hoc
2398 2841 2498 2901 est
2542 2838 2703 2902 satis

453 2943 823 3003 consuetum
883 2938 1368 3020 synecphonesis
1434 2956 1652 3020 genus,
1772 2937 2087 3018 Propositi
2153 2937 2483 3002 similiores
2551 2944 2706 3003 sunt

452 3039 676 3119 dativi,
722 3057 880 3121 quos
926 3038 1294 3120 Spitznerus
1339 3040 1489 3105 Exc.
1534 3040 1626 3105 VI
1668 3060 1729 3121 p.
1774 3039 1927 3105 XVI
1983 3044 2051 3106 et
2091 3039 2394 3105 Lehrsius
2440 3039 2703 3116 Quaest.

385 3196 402 3203 ,
448 3139 530 3206 49
578 3160 669 3224 sq.
713 3146 1017 3208 tractant:
1086 3139 1290 3228 ἤματι
1338 3137 1672 3229 ὅπωρίνῳ,
1744 3138 2083 3208 κανόνεσσι
2132 3137 2454 3228 ἀραρυῖα,
2526 3144 2702 3223 quod

448 3243 616 3309 idem
640 3245 1047 3311 Aristarchus
1096 3244 1165 3311 ἐκ
1213 3239 1510 3332 πλήρους
1532 3245 1861 3326 scripsisse
1886 3243 2133 3322 dicitur,
2177 3262 2303 3308 non
2333 3250 2404 3308 ut
2428 3244 2700 3327 stigmae

448 3354 834 3430 occurreret,
890 3367 1054 3430 quae
1097 3348 1201 3414 hic
1243 3347 1420 3412 nulla
1463 3348 1712 3428 subest,
1782 3347 1896 3412 sed
1939 3346 2020 3412 ob
2066 3346 2224 3411 alias
2267 3364 2546 3418 causas>
2600 3348 2700 3412 Ac

439 3447 704 3516 ‘fuerunt
746 3449 1047 3532 fortasse,
1116 3451 1224 3532 qui
1279 3450 1520 3516 exitum
1563 3449 1866 3514 Hesiodei
1910 3466 2133 3513 versus
2181 3443 2297 3515 ὄπ’
2343 3445 2542 3515 ἱεῖσαι
2588 3467 2697 3514 eo-

584 3692 639 3755 4)
675 3693 774 3743 His
812 3692 1042 3744 Sintenis
1079 3692 1448 3744 adnumeravit
1480 3690 1851 3755 Plutarchum,
1903 3693 2055 3742 euius
2099 3691 2273 3742 hiatus
2308 3689 2564 3757 plurimos
2599 3692 2698 3743 eli-

444 3782 592 3832 sione
627 3780 856 3831 sustulit:
893 3771 1006 3843 εἶτ’,
1045 3766 1088 3829 ὦ
1123 3780 1366 3843 βέλτιστε
1397 3795 1447 3828 v.
1484 3779 1631 3829 Arat.
1665 3777 1772 3829 vm
1808 3773 1891 3840 19,
1927 3774 2106 3828 ἐκεῖνο
2140 3772 2216 3842 δ’,
2253 3767 2409 3829 εἶπεν
2443 3777 2582 3832 XVll
2623 3775 2692 3830 12

443 3872 543 3920 etc.
578 3872 678 3919 etc.
749 3862 1043 3933 [Polybium
1077 3864 1377 3917 Hultachius
1410 3863 1469 3915 in
1506 3862 1693 3914 Philet.
1726 3862 1878 3914 XIV
1894 3854 1961 3928 p.
1995 3859 2101 3915 298
2135 3865 2244 3928 eqq'.

583 3967 639 4031 5)
675 3968 979 4034 Spitanerus
1032 3968 1102 4018 ad
1135 3967 1201 4021 11.
1235 3969 1284 4020 V
1321 3965 1422 4019 104
1468 3966 1853 4017 barbarismum
1907 3966 1962 4016 in
1996 3971 2221 4017 accentu
2254 3967 2481 4031 positum
2521 3972 2691 4034 putat,

440 4070 564 4106 nam
599 4068 770 4120 neque
786 4059 1015 4105 -acutum
1050 4069 1224 4119 neque
1275 4053 1524 4103 inflexum
1560 4057 1813 4117 sequente
1848 4051 2184 4103 distinetione
2219 4054 2342 4119 poni
2374 4069 2554 4119 posse.
2624 4054 2690 4103 Id

439 4155 565 4192 vero
597 4139 845 4190 refellunt
877 4140 1116 4204 exempla
1149 4139 1397 4204 plurima:
1448 4132 1676 4199 ἑσταότ’,
1725 4135 1877 4208 ἀμφὶ
1924 4136 1988 4190 δὲ
2025 4166 2092 4175 -—
2128 4140 2192 4192 11.
2227 4140 2305 4193 lv
2336 4137 2425 4203 90,
2478 4136 2584 4206 822²
2602 4150 2615 4164 ·
2656 4134 2690 4203 ἦ

439 4222 491 4277 δ’
526 4223 724 4278 ἕσπετο
759 4225 848 4275 xu
880 4222 998 4286 398,
1034 4219 1179 4292 δεῦρ’
1219 4219 1313 4274 ἴθ’.
1343 4219 1697 4293 Ἀλέξανδρος
1719 4222 1921 4288 111390,
1951 4222 2152 4276 §onw-
2192 4223 2308 4277 οὐδ’
2349 4217 2458 4293 ἄρα
2474 4225 2541 4278 lv
2565 4223 2687 4290 245,

446 4298 490 4362 ὦ
525 4306 695 4380 παῦρ’,
730 4305 1058 4361 ἀθανάτοισι
1093 4310 1391 4364 Parmenid.
1426 4310 1512 4375 24,
1542 4307 1710 4382 χαῖρ’,
1749 4308 1872 4383 ἐπεὶ
1912 4337 1980 4349 -
2013 4307 2101 4364 ἳῢ.
