2946 4928
627 342 742 409 DE
788 341 1590 432 PnoscnnMAnsno
1660 342 1731 411 P.
1753 319 1869 412 111.
1915 343 1982 411 c,
2004 344 2087 412 11.
2133 345 2189 432 §-
2212 345 2271 412 4.
2434 345 2567 412 251

317 509 493 592 qnod
538 507 818 575 Sintenis
858 509 1124 576 retinuit
1168 525 1313 575 cum
1354 508 1574 575 multis
1617 509 1911 577 similiter
1954 509 2284 593 corruptis,
2329 527 2386 578 v..
2408 509 2570 578 Keil.

315 610 611 679 onomat.
654 612 694 696 ς
738 612 824 678 20
865 630 926 693 p.
971 610 1055 677 33
1070 661 1085 692 ‚
1162 611 1277 677 sed
1321 611 1517 678 etiam
1581 613 2114 696 praepositionem
2160 614 2567 682 addiderunt:

317 713 390 781 ἐν
425 708 752 804 Ἀθήνῃσι
802 714 1152 797 Olympiod.
1196 714 1263 780 in
1306 714 1505 780 Alcib.
1551 714 1584 781 I
1627 713 1740 797 65,
1807 710 1847 803 ἢ
1905 711 1974 784 ἓν
2015 711 2341 804 Ἀθήνῃσι
2366 716 2419 800 ³)
2464 742 2570 784 vo·-

313 814 624 901 μοθεσία
664 818 971 901 Harpocr.
1041 836 1089 883 s,
1128 813 1453 906 Ἕρκεῒος,
1521 818 1621 884 cui
1664 818 1998 885 Bekkerus
2041 813 2570 901 praepositionem

317 920 614 1001 detraxit,
660 922 735 990 τὸ
784 920 853 989 ἕν
892 918 1295 1005 Ὀλυμπιάσι
1339 920 1489 1005 (Sic)
1536 917 1810 988 στάδιον
1855 920 2161 988 Artemid.
2181 921 2273 987 IV
2293 920 2398 988 82.
2423 921 2569 1003 395,

319 1039 446 1105 quo
489 1023 568 1088 de
613 1042 845 1106 genere
890 1025 947 1090 si
990 1024 1142 1107 quid
1187 1024 1359 1105 apud
1400 1025 1727 1107 politiores
1751 1025 2092 1107 scriptores
2114 1023 2386 1105 obvenit,
2433 1024 2571 1090 iure

315 1125 678 1208 corrigitur,
726 1126 802 1194 cf.
846 1127 1027 1193 Path.
1070 1127 1337 1192 Elemm.
1382 1127 1415 1193 Ι
1459 1126 1605 1194 627.
1695 1128 1960 1194 Dativos
2005 1127 2249 1209 primae
2293 1127 2567 1220 declina-

315 1230 514 1314 tionis
555 1248 1006 1314 nonnunquam
1049 1228 1570 1313 significationem
1625 1231 1749 1297 loci
1811 1231 1878 1298 in
1926 1253 2046 1316 quo
2094 1231 2380 1313 accipere
2425 1248 2569 1299 con·

313 1336 451 1399 stat
469 1338 799 1415 poetarum
843 1334 1247 1400 testimoniis:
1293 1333 1407 1399 τὸν
1441 1327 1710 1415 ’Λβαῖσι
1754 1330 1909 1400 ναόν
1933 1333 2121 1418 Soph.
2147 1331 2302 1400 Oed.
2329 1332 2398 1399 Τ.
2421 1331 2568 1414 899,

311 1433 435 1521 τὴν
485 1432 768 1528 Οἰχαλίᾳ
815 1436 1232 1503 πῖλονΕιιΥ.
1275 1436 1465 1519 Hipp.
1510 1434 1637 1502 545
1662 1442 1799 1518 etc.‚
1845 1437 1912 1503 in
1954 1437 2203 1519 vulgari
2247 1436 2406 1503 adeo
2431 1454 2564 1502 sera

261 1599 270 1604 ‚
314 1556 533 1606 mone:
579 1539 662 1606 τὰ
688 1535 1051 1627 πράγματα
1075 1534 1517 1627 Ἀραφηνίσιν
1542 1534 1757 1618 Ἁλαῖς
1779 1540 2066 1607 διέκειτο
2093 1538 2309 1622 Steph.
2334 1558 2384 1606 S.
2406 1541 2468 1606 h.
2492 1559 2568 1622 v.‚

237 1731 262 1736 ἱ
311 1641 435 1710 sed
475 1641 796 1709 interdum
838 1642 1223 1724 praepositio
1254 1643 1512 1708 additur
1554 1646 1666 1707 aut
1686 1643 2045 1709 decurritur
2078 1642 2161 1708 ad
2184 1642 2568 1724 adverbium,

311 1743 485 1827 quod
507 1744 845 1812 Atticistae
866 1738 1262 1827 praeferunt:
1301 1740 1684 1833 Ἀθήνηθεν
1728 1739 1848 1812 οὐκ
1883 1740 1969 1825 ’ἐξ
1989 1736 2316 1833 Ἀθηνῶν,
2352 1742 2567 1834 Ἀθή-Δ

311 1871 501 1939 νησιν
543 1842 657 1916 οὐκ
704 1847 773 1916 ἐν
810 1845 1134 1935 Ἀθήναις
1178 1847 1394 1914 Thom.
1483 1848 1648 1915 Nam
1691 1849 1850 1915 haec
1895 1847 2197 1914 adverbia
2237 1866 2400 1929 esse,
2443 1868 2568 1915 non

311 1968 500 2027 casus
542 1950 910 2031 nominaleS‚
955 1950 1081 2017 illis
1124 1970 1239 2033 pro
1285 1954 1458 2017 certo
1502 1952 1711 2019 stetit:
1773 1951 1854 2018 τὰ
1898 1946 1995 2029 εἷς
2036 1952 2096 2021 ἆ
2137 1947 2587 2041 ἐπιῤῥὴματα-

248 2111 252 2116 .
306 2047 617 2139 Ἐρχιᾶσι,
632 2055 1040 2137 Πλαταιᾶσι,
1054 2048 1405 2143 Ἀθήνησι,
1424 2048 1834 2140 Ὀλυμπίασι
1852 2054 2127 2138 Theogn.
2141 2052 2294 2120 Can.
2315 2053 2454 2120 157.
2466 2052 2569 2135 24,

303 2153 563 2245 Ἀθήνη
602 2152 983 2244 Ἀθήνηθεν
1016 2152 1352 2245 Ἀθήνησι,
1408 2154 1598 2246 Θήβη
1650 2154 1969 2248 Θήβηθεν
1998 2154 2260 2245 Θήβησι
2279 2156 2569 2239 Apollon.

307 2259 469 2326 Adv.
516 2259 661 2326 620.
706 2257 809 2340 29,
854 2257 928 2326 cf.
975 2258 1119 2325 606.
1175 2258 1258 2326 14
1284 2261 1356 2344 ⁶),
1401 2266 1470 2327 et
1512 2261 1677 2328 hanc
1719 2261 2201 2344 originationem
2242 2262 2568 2343 anteponi·
2630 2270 2636 2274 ’

310 2377 456 2430 mus
497 2361 789 2430 Elmsleii
841 2364 1195 2429 sententiae
1236 2366 1629 2452 Περγασῆσι
1699 2369 1768 2431 et
1832 2364 2138 2457 quidquid
2199 2363 2321 2431 hoc
2382 2364 2569 2432 modo

255 2507 264 2509 Α
314 2467 592 2535 excurrit
653 2485 772 2550 pro
827 2464 1057 2532 dativis
1100 2467 1143 2532 J
1143 2467 1339 2534 onicis
1392 2464 1719 2551 habentis,
1785 2467 1910 2553 quo
1960 2469 2170 2551 posito
2221 2468 2466 2552 syllaba
2509 2466 2570 2539 ῖῖἱ

311 2589 392 2639 ex
433 2588 717 2637 ¹numero
781 2570 1296 2636 terminationum
1360 2571 1658 2638 localium
1722 2571 2008 2639 funditus
2074 2571 2335 2639 tollitur.
2442 2570 2569 2639 Sed

309 2677 627 2764 repugnat
640 2723 657 2754 ,
725 2672 895 2755 quod
935 2672 1253 2754 primitiva
1296 2673 1437 2756 ipsa
1477 2676 1783 2761 pleraque
1842 2679 1993 2741 sunt
2035 2674 2382 2758 singularia
2425 2680 2566 2740 tan-

306 2781 475 2861 tum,
519 2792 646 2843 non
689 2775 893 2843 solum
941 2771 1246 2863 Κεφαλὴ,
1296 2774 1636 2866 Περγασή,
1696 2778 1812 2844 sed
1855 2777 2048 2844 ctiam
2091 2777 2218 2844 alia
2258 2794 2566 2867 pagorum

308 2880 718 2962 vicorumque
761 2878 1041 2956 nomina,
1108 2879 1277 2944 unde
1323 2882 1724 2969 Πεντέλησι,
1777 2875 2085 2969 Ἕρχιᾶσι,
2128 2877 2562 2963 Μουνιχίασι,

312 2981 637 3065 Nonium,
679 2976 1091 3065 Ὀλυμπίασι
1137 2982 1445 3064 originem
1487 2983 1743 3066 habent,
1787 3002 1954 3067 quae
1997 3002 2075 3050 ex
2107 2983 2337 3050 dativis
2378 2983 2445 3049 in
2475 2986 2568 3075 ᾗῖιὶ

309 3084 550 3157 «Ionicis
603 3088 760 3150 nata¹
809 3101 956 3150 esse
1009 3101 1196 3150 nemo
1247 3086 1660 3166 concesserim
1725 3104 1845 3153 nec
1887 3086 2090 3169 magis
2137 3085 2563 3168 Goettlingius

316 3188 402 3261 ad
441 3186 704 3255 Aristot.
749 3186 930 3253 Polit.
974 3184 1041 3251 11
1085 3185 1212 3252 342
1254 3189 1616 3271 persuadet„
1653 3183 2067 3274 Ὀλυμπιάσι
2094 3189 2379 3255 dativum
2423 3203 2564 3269 esse

315 3289 609 3357 adiectivi
674 3285 710 3357 ὃ
757 3285 870 3356 καὶ
915 3285 952 3378 ἦ
1018 3285 1377 3374 Ὀλυμπιάς
1400 3340 1419 3373 ,
1486 3292 1869 3374 proprieque
1935 3290 2059 3357 diei
2116 3286 2564 3374 Ὀλυμπιάσιν

312 3388 542 3480 ἀγῶσι,
571 3392 763 3474 alpha
785 3399 1074 3475 correpto
1097 3392 1208 3478 [ad
1229 3393 1467 3461 Buttm.
1493 3394 1668 3481 352}
1715 3392 1821 3460 Sic
1863 3397 2094 3473 autem·
2110 3391 2400 3474 efficitur,
2443 3394 2562 3460 hoc

307 3495 674 3563 universum
696 3514 897 3578 genus
918 3515 1034 3579 pro
1058 3497 1372 3563 adverbiis
1394 3497 1617 3565 haberi
1638 3503 1706 3566 et
1726 3497 1864 3565 sine
1884 3496 2018 3563 iota
2040 3495 2232 3565 scribi
2251 3501 2560 3579 oportere.

448 3788 508 3847 5)
554 3783 931 3854 Ἀθήνησινο
901 3787 1019 3840 cod.
1070 3789 1121 3840 Δ
1167 3788 1398 3842 Lucian.
1453 3789 1590 3844 Tox.
1643 3793 1674 3854 9
1708 3787 1772 3844 21
1825 3808 1879 3858 p.
1914 3789 2018 3845 379
2075 3792 2141 3846 Τ.
2177 3793 2233 3844 11
2283 3792 2403 3848 διο.
2456 3794 2564 3847 iota
2692 3809 2699 3815 ·

309 3890 414 3926 omi
397 3875 531 3939 sso;
559 3869 844 3939 Ἀθήνηιι
768 3887 844 3925 ιισ
880 3872 1146 3940 adscripto
1182 3875 1337 3928 Phot.
1374 3892 1417 3928 s.
1453 3877 1597 3947 Περι
1577 3880 1694 3929 ιθοι
1675 3874 1808 3932 ”ἰ.δ”α

451 3988 509 4060 θ)
548 3997 592 4046 Α
629 3993 934 4049 nominibus
969 3995 1172 4047 numeri
1200 3995 1467 4063 singulari
1471 4012 1498 4048 s
1541 3991 1708 4063 Θήβη,
1741 3990 1974 4064 Ἀθήνη,
2012 4014 2150 4066 quae
2183 4001 2353 4066 poetis
2389 3972 2562 4054 cesse

309 4085 450 4145 runt,
488 4078 737 4131 differunt
771 4082 1069 4132 communia
1110 4081 1369 4144 Θέσπεια,
1408 4076 1696 4147 Invitam,
1724 4099 1942 4150 quorum
1968 4086 2326 4138 nominativus
2342 4085 2564 4152 pluralis

309 4167 545 4219 aeuitur:
586 4162 872 4230 Θεσπειαί,
910 4168 1203 4219 Πλαταιαί.
1274 4167 1323 4220 Δ
1359 4169 1620 4236 singulari
1652 4171 1888 4221 nascitur
1922 4172 2257 4237 Πλαταίασι,
2296 4172 2364 4223 ab
2400 4171 2565 4224 altero

311 4250 646 4317 Πλαταιᾶσι,
682 4252 751 4308 cf.
783 4249 975 4325 Poppo'
1005 4253 1074 4304 ad
1110 4250 1281 4306 Thuc.
1317 4254 1344 4306 1
1382 4250 1498 4309 130.
1568 4254 1708 4307 Pure
1744 4257 2082 4310 exeuntibus:
2142 4258 2367 4324 Θρίασι,
2404 4257 2561 4308 Mov-

311 4340 525 4407 νεχίασι
539 4375 555 4403 ,
584 4333 911 4403 Ὀλυμπίασι
947 4353 1209 4408 nusquam
1245 4341 1354 4395 iota
1387 4343 1645 4395 intrusum
1679 4342 1932 4417 videmus.
