2946 4928
465 373 580 440 DE
626 372 1112 456 SYNAERESI,
1158 371 1560 440 DIAERESI
1603 376 1720 439 etc.
1787 372 1855 436 P.
1879 373 1963 440 11.
2017 373 2084 441 G.
2108 373 2191 439 H.
2238 375 2292 459 ἓ.
2314 376 2374 440 2.
2449 371 2536 441 89

292 539 673 623 Διογενεῦς,
705 532 1034 615 Ὀδυσεῖΐς.
1124 536 1367 605 Horum
1414 539 1687 620 primum
1732 537 2074 621 Gregorius
2097 535 2242 604 298·
2271 537 2538 605 dialecto

292 641 564 706 Doricae
608 640 945 720 adiudicat,
989 640 1264 706 Homero
1307 641 1592 722 ignotum
1636 645 1736 706 est
1748 643 1820 725 θ),
1865 641 2065 707 altero
2111 641 2308 707 semel
2336 642 2537 707 utitur

290 745 362 810 in
406 748 687 809 extremo
731 742 1055 826 Odysseae
1098 743 1260 811 libro
1305 741 1459 823 398,
1505 748 1573 809 et
1613 744 1715 809 hic
1751 735 2006 826 ‘quoque
2050 743 2228 810 Harl.
2271 743 2538 827 praebet

294 846 578 911 Atticum
615 841 1008 923 Ὀδυσσέως,
1079 866 1134 911 v.
1182 843 1415 926 Spohn.
1460 846 1541 911 de
1586 852 1744 911 extr.
1792 845 2014 928 Odyss.
2059 852 2241 928 parte
2284 866 2344 929 p.
2394 846 2535 913 155.

294 938 662 1014 Genitivum
711 942 1094 1030 Ἰδομενεῦς,
1166 964 1355 1029 quem
1416 947 1560 1013 EM.
1628 949 1834 1013 eidem
1901 949 2203 1014 adscribit
2269 949 2536 1015 dialecto

293 1050 582 1130 Doricae,
628 1049 1029 1115 Herodianus
1075 1055 1401 1132 suspectat
1426 1051 1500 1116 Il.
1524 1050 1684 1117 XIII
1706 1049 1833 1116 424
1870 1045 2324 1133 Ἰδομενεύς
2370 1052 2539 1131 τινὲς

294 1156 717 1240 περισπῶσιν
763 1146 902 1217 ἀντὶ
944 1149 1569 1234 τοῦἸδομενσῦς,
1619 1146 1888 1236 ἄμεινον
1936 1153 2009 1221 δὲ
2053 1150 2325 1221 εὐθεῖαν
2348 1146 2538 1236 εἶναι,

296 1261 368 1322 et
406 1254 571 1322 hanc
612 1250 830 1320 tuetur
872 1253 1176 1321 librorum
1220 1255 1563 1319 consensio.
1662 1256 1948 1344 Πηλεῦς,
1996 1257 2164 1339 quod
2191 1256 2537 1339 Gregorius

302 1358 424 1424 178
469 1358 767 1423 Doricum
813 1358 1109 1439 appellat,
1156 1356 1490 1437 Bekkerus
1530 1358 1596 1422 in
1642 1357 1824 1424 Gens,
1866 1358 2051 1425 Wolf.
2097 1358 2374 1424 Homero
2416 1359 2539 1439 ipsi

294 1459 648 1539 tribuebat,
717 1461 886 1543 apud
944 1460 1112 1525 hunc
1166 1477 1479 1540 nusquam
1541 1462 1888 1543 invenitur,
1957 1462 2071 1527 sed
2134 1478 2248 1542 pro
2294 1479 2369 1526 eo
2413 1479 2538 1526 non

294 1567 690 1630 contractum
756 1560 1055 1647 διογενὴς
1097 1562 1366 1648 Πηλέος
1409 1558 1552 1640 υἱός
1616 1563 1689 1629 11.
1735 1565 1768 1628 I
1811 1561 1938 1628 489
2005 1569 2071 1629 et
2133 1564 2360 1630 iisdem
2402 1562 2538 1629 fere

293 1665 508 1731 verbis
530 1665 684 1731 XVI
712 1664 790 1729 21
821 1669 891 1731 et
909 1664 1064 1730 XIX
1085 1663 1212 1729 216
1244 1664 1425 1729 libris
1472 1664 2001 1732 concordantibus
2044 1671 2299 1747 praeter
2345 1666 2535 1732 schol.

294 1768 583 1854 Πηλέως
628 1766 791 1851 (Sic)
820 1769 1271 1848 Πτολεμαῖος,
1321 1763 1385 1832 οἶ
1431 1768 1506 1835 δὲ
1573 1764 2269 1856 ὖπομνηματισάμενοι
2315 1765 2536 1850 ιάκῶς,

292 1872 416 1937 hoc
459 1875 577 1948 est,
620 1875 806 1951 puto,
858 1870 1128 1956 Πηλῆος
1183 1869 1422 1952 Εεοτίρι.
1468 1890 1510 1936 a
1551 1871 1780 1957 Bekk.]
1847 1875 2137 1954 ‚correpta
2179 1872 2349 1937 vocis
2391 1890 2536 1953 pro-

282 1974 466 2046 ,xime
532 1972 830 2038 instantis
897 1971 1309 2055 diphthongo,
1376 1979 1450 2038 ut
1500 1974 1842 2040 Barnesius
1907 1992 2155 2057 quoque
2210 1974 2409 2039 voluit
2472 1980 2539 2039 et

296 2081 525 2159 postea
540 2074 961 2155 ThierschiuS,
984 2075 1174 2157 idque
1197 2075 1522 2142 Nauckius
1544 2079 1703 2143 adeo
1727 2068 2540 2159 scriptura-exprimendum

294 2179 647 2244 arbitratur
691 2178 769 2243 de
815 2178 1131 2260 Aristoph.
1175 2177 1260 2243 53
1278 2229 1293 2259 ,
1339 2180 1452 2245 sed
1498 2199 1742 2247 summo
1786 2182 1924 2246 iure
1967 2178 2325 2262 praefertur
2370 2180 2534 2262 syni-

294 2282 463 2348 zesis
531 2300 673 2346 cum
738 2281 804 2345 in
873 2281 996 2346 isto
1037 2283 1288 2347 nomine
1329 2288 1468 2348 tum
1513 2285 1580 2348 in
1624 2282 1813 2349 simili
1826 2334 1841 2364 ,
1909 2284 2077 2366 quod
2141 2283 2240 2348 bis
2284 2301 2536 2353 versum

295 2385 545 2451 orditur
598 2381 975 2471 Μηκιστέος
1040 2380 1183 2463 υἱὸς
1234 2385 1677 2452 Ταλαϊονίδαο
1737 2384 1803 2450 ΙΙ·
1844 2384 1971 2451 566
2017 2390 2083 2450 et
2125 2384 2346 2450 XXIII
2389 2384 2534 2467 678,

297 2492 368 2553 et
407 2489 511 2554 hic
556 2505 805 2569 quoque
849 2486 1094 2552 codices
1140 2489 1382 2570 aliquos
1426 2489 1676 2554 obsedit
1721 2490 1975 2571 scriptio
2020 2490 2232 2555 Attica
2278 2489 2386 2573 [Μ
2393 2514 2536 2577 qm·-

295 2595 493 2678 στῆος
527 2590 774 2674 Bekk.].
865 2579 1186 2667 Quomodo
1228 2591 1630 2657 Ptolemaeus
1672 2591 1831 2662 haec
1875 2581 2214 2673 scripserit,
2262 2594 2539 2679 Πηλέως

294 2711 379 2758 an
421 2690 682 2779 Πηλέος
725 2691 1074 2759 arbitrandi
1127 2698 1411 2776 potestas
1462 2693 1641 2757 nulla
1685 2694 1889 2760 datur.
1941 2733 2011 2742 —-
2063 2694 2138 2760 In
2181 2693 2538 2761 nominibus
2598 2677 2604 2690 ’

292 2796 365 2860 in
409 2797 467 2872 5}
509 2794 905 2882 neutralibus
934 2789 1306 2862 dominatur
1328 2796 1555 2862 erasis:
1606 2795 1910 2864 Choerob.
1935 2796 2060 2863 392
2082 2788 2229 2881 παρ’
2264 2791 2537 2885 Ὁμήρῳ

294 2892 616 2964 οἰδέποτε
665 2892 700 2983 ἡ
760 2898 979 2982 γενικὴ
1024 2902 1152 2963 τῶν
1197 2894 1289 2976 εἰς
1332 2901 1393 2976 5}
1458 2897 1820 2984 οὐδετέρων
1862 2897 1955 2978 εἰς
1994 2905 2094 2977 Ei}
2158 2896 2535 2988 καταλήγει,

293 2994 437 3065 ἀλλ’
488 2994 530 3084 ἢ
597 2996 691 3078 εἰς
753 3003 876 3076 εἶξε
936 2994 1293 3086 Ἐρέβευς
1357 2995 1746 3087 ἢέντελῶςε
1815 3004 2131 3086 βέλεος,
2204 3000 2534 3085 τείχεος,

297 3096 557 3185 ἄχεος·
604 3099 725 3168 δύο
773 3103 847 3170 δὲ
873 3099 1046 3187 μόνα
1092 3100 1409 3191 ἐποίησεν
1435 3100 1531 3182 εἷς
1560 3109 1647 3175 ὂῦε
1695 3104 1967 3184 δείους
2011 3104 2123 3171 καὶ
2168 3103 2535 3189 σπείους,

296 3201 378 3271 οὗ
427 3201 540 3271 δια*
585 3202 663 3270 τὸ
705 3209 962 3292 μέτρον,
1012 3199 1182 3270 ἀλλὰ
1229 3207 1343 3273 διὰ
1387 3206 1504 3293 τὴν
1548 3205 1990 3294 κακοφωνίαν,
2039 3205 2114 3273 cf.
2159 3207 2389 3274 Parall.
2435 3209 2538 3291 25,

295 3325 566 3390 quorum
627 3308 713 3385 si,
749 3312 1070 3376 auctorem
1136 3307 1498 3390 quaerimus
1511 3360 1526 3389 ,
1593 3310 1988 3375 coniecturae
2051 3311 2372 3391 proximus
2437 3316 2542 3377 est

294 3410 717 3476 Herodianus
839 3412 990 3475 Tria
1042 3412 1299 3493 regulae
1345 3413 1660 3477 contraria
1703 3409 2005 3497 θάρσους
2049 3411 2121 3476 11.
2164 3413 2351 3478 XVII
2392 3412 2539 3496 573,

293 3515 544 3601 θέρους
589 3512 705 3578 Od.
750 3514 874 3579 V11
924 3512 1061 3593 118,
1123 3507 1421 3598 Ἐρέβους
1462 3513 1558 3578 XI
1601 3514 1681 3579 37
1750 3512 2034 3580 codicum
2090 3514 2284 3581 ductu
2328 3535 2538 3582 emen-

298 3615 450 3680 data
492 3619 658 3681 sunt.
748 3615 1050 3714 Quaestio
1102 3615 1224 3681 fuit
1267 3618 1348 3682 de
1392 3617 1463 3682 Il.
1509 3617 1609 3683 III
1659 3617 1765 3696 10,
1833 3616 2242 3684 Aristarchus
2288 3618 2542 3701 scripsit

298 3704 425 3784 ευτ’
477 3711 668 3803 σ’ρεος
711 3724 1043 3808 κορυφῇσι
1095 3756 1165 3766 -—
1215 3719 1286 3787 ἐν
1330 3718 1539 3799 ἐνίαις
1597 3720 1669 3788 δὲ
1724 3719 1852 3785 τῶν
1898 3716 2295 3787 ἐκδόσεων
2268 3746 2338 3788 εκ
2376 3720 2540 3808 πλή-

297 3844 458 3908 ρους
502 3819 918 3909 ἐγέγραπτο,
924 3813 1127 3904 ,ηὗτε
1175 3814 1370 3910 σ’ρευ
1382 3827 1452 3902 ς“
1499 3823 1686 3910 παρὰ
1731 3822 1808 3889 τὸ
1855 3818 2104 3902 εἰωθὸς
2131 3816 2422 3911 Ὁμήρῳ·
2469 3823 2540 3894 ἐκ

300 3919 596 4010 πλήρους
640 3923 764 4010 γὰρ
814 3920 986 4009 ’παρ’
1038 3923 1281 3991 ἕκαστα
1327 3922 1571 4013 γράφει
1619 3950 1807 4012 ορεο
1827 3951 1879 4004 ς.
2011 3925 2149 3991 Hoc
2210 3924 2541 3993 fortuitum

299 4026 502 4092 videri
544 4023 783 4107 potest3
829 4039 977 4092 nam
1019 4028 1086 4093 in
1131 4025 1358 4095 ceteris
1386 4028 1558 4108 locis,
1606 4028 1713 4115 qui
1748 4026 1931 4093 multi
1954 4031 2117 4108 sunt,
2160 4027 2541 4111 bisyllabum

435 4179 493 4247 6)
547 4182 612 4233 In
647 4181 710 4234 11.
745 4182 819 4233 IX
852 4178 953 4236 106
990 4176 1096 4244 ὅτε,
1132 4180 1395 4250 διογενές,
1434 4178 1709 4251 Βρισηίδα
1743 4177 1947 4252 κούρην
1974 4184 2268 4251 χωομένου
2298 4180 2541 4250 Ἀχιλῆος

304 4264 554 4338 ἀπούρας
587 4267 828 4320 nonnulli
863 4269 1185 4333 scripserunt
1209 4264 1495 4335 διογενεῦς
1529 4263 1666 4319 κατὰ
1685 4272 2003 4338 συναίρεσιν
2038 4269 2132 4320 καὶ
2169 4263 2381 4338 τροπὴν
2413 4264 2541 4322 ἀντὶ

306 4354 398 4407 τοῦ
436 4351 736 4426 διογενέος.
805 4354 926 4406 Hoc
959 4354 1185 4406 fortasse
1217 4356 1274 4405 in
1310 4353 1514 4407 scholio
1548 4354 1640 4406 illo
1673 4354 1930 4407 lacunosa
1962 4354 2315 4436 significatum
2348 4359 2445 4406 ent.
