<?xml version="1.0" encoding="UTF-8"?>
<!DOCTYPE html PUBLIC "-//W3C//DTD XHTML 1.0 Transitional//EN"
    "http://www.w3.org/TR/xhtml1/DTD/xhtml1-transitional.dtd">
<html xmlns="http://www.w3.org/1999/xhtml" xml:lang="en" lang="en">
 <head>
  <title>
</title>
<meta http-equiv="Content-Type" content="text/html;charset=utf-8" />
  <meta name='ocr-system' content='tesseract 3.04.00' />
  <meta name='ocr-capabilities' content='ocr_page ocr_carea ocr_par ocr_line ocrx_word'/>
</head>
<body>
  <div class='ocr_page' id='page_1' title='image "./pathologiaegrae02lobegoog_0085.png"; bbox 0 0 2946 4928; ppageno 0'>
   <div class='ocr_carea' id='block_1_1' title="bbox 382 320 2543 440">
    <p class='ocr_par' dir='ltr' id='par_1_1' title="bbox 382 320 2543 440">
     <span class='ocr_line' id='line_1_1' title="bbox 382 320 2543 440; baseline 0.006 -29"><span class='ocrx_word' id='word_1_1' title='bbox 382 405 393 410; x_wconf 85' lang='lat'>-</span> <span class='ocrx_word' id='word_1_2' title='bbox 459 351 574 418; x_wconf 87' lang='lat' dir='ltr'>DE</span> <span class='ocrx_word' id='word_1_3' title='bbox 621 334 1119 434; x_wconf 78' lang='lat' dir='ltr'><strong>SYNAER&#39;ESl,</strong></span> <span class='ocrx_word' id='word_1_4' title='bbox 1160 320 1569 421; x_wconf 62' lang='lat' dir='ltr'>bunensi</span> <span class='ocrx_word' id='word_1_5' title='bbox 1609 359 1728 421; x_wconf 74' lang='lat' dir='ltr'>eto.</span> <span class='ocrx_word' id='word_1_6' title='bbox 1794 352 1863 420; x_wconf 90' lang='lat' dir='ltr'>P.</span> <span class='ocrx_word' id='word_1_7' title='bbox 1885 352 1968 420; x_wconf 87' lang='lat'>11.</span> <span class='ocrx_word' id='word_1_8' title='bbox 2014 351 2081 421; x_wconf 79' lang='lat' dir='ltr'>c,</span> <span class='ocrx_word' id='word_1_9' title='bbox 2103 352 2187 421; x_wconf 92' lang='lat'>11.</span> <span class='ocrx_word' id='word_1_10' title='bbox 2232 354 2287 440; x_wconf 73' lang='lat'>§-</span> <span class='ocrx_word' id='word_1_11' title='bbox 2315 355 2370 421; x_wconf 88' lang='lat'>1.</span> <span class='ocrx_word' id='word_1_12' title='bbox 2459 351 2543 423; x_wconf 77' lang='lat'>69</span> 
     </span>
    </p>
   </div>
   <div class='ocr_carea' id='block_1_2' title="bbox 216 514 2568 4109">
    <p class='ocr_par' dir='ltr' id='par_1_2' title="bbox 216 514 2568 4109">
     <span class='ocr_line' id='line_1_2' title="bbox 307 514 2544 601; baseline 0.001 -19"><span class='ocrx_word' id='word_1_13' title='bbox 307 534 429 599; x_wconf 85' lang='lat' dir='ltr'>quo</span> <span class='ocrx_word' id='word_1_14' title='bbox 474 514 878 595; x_wconf 71' lang='lat' dir='ltr'><strong>Aristarchus</strong></span> <span class='ocrx_word' id='word_1_15' title='bbox 921 517 1005 583; x_wconf 82' lang='lat' dir='ltr'>in.</span> <span class='ocrx_word' id='word_1_16' title='bbox 1032 517 1244 584; x_wconf 87' lang='lat' dir='ltr'>eedosi</span> <span class='ocrx_word' id='word_1_17' title='bbox 1287 518 1600 585; x_wconf 84' lang='lat' dir='ltr'>alterutra</span> <span class='ocrx_word' id='word_1_18' title='bbox 1641 518 1784 587; x_wconf 73' lang='grc' dir='ltr'><strong><em>κνέε</em></strong></span> <span class='ocrx_word' id='word_1_19' title='bbox 1827 519 2044 600; x_wconf 80' lang='lat' dir='ltr'><strong>posuit</strong></span> <span class='ocrx_word' id='word_1_20' title='bbox 2084 519 2187 584; x_wconf 84' lang='lat' dir='ltr'>vel</span> <span class='ocrx_word' id='word_1_21' title='bbox 2232 518 2544 601; x_wconf 84' lang='lat' dir='ltr'>spondeos</span> 
     </span>
     <span class='ocr_line' id='line_1_3' title="bbox 304 617 2542 705; baseline 0.001 -20"><span class='ocrx_word' id='word_1_22' title='bbox 304 617 635 685; x_wconf 83' lang='lat' dir='ltr'>fastidiens</span> <span class='ocrx_word' id='word_1_23' title='bbox 648 670 665 698; x_wconf 88' lang='lat'>,</span> <span class='ocrx_word' id='word_1_24' title='bbox 729 621 831 685; x_wconf 77' lang='lat' dir='ltr'>vel</span> <span class='ocrx_word' id='word_1_25' title='bbox 875 620 1024 703; x_wconf 88' lang='lat' dir='ltr'>quia</span> <span class='ocrx_word' id='word_1_26' title='bbox 1067 620 1345 686; x_wconf 82' lang='lat' dir='ltr'><strong>Homero</strong></span> <span class='ocrx_word' id='word_1_27' title='bbox 1413 621 1724 687; x_wconf 88' lang='lat' dir='ltr'>eiusmodi</span> <span class='ocrx_word' id='word_1_28' title='bbox 1763 620 2135 705; x_wconf 82' lang='lat' dir='ltr'>imperfecta</span> <span class='ocrx_word' id='word_1_29' title='bbox 2177 622 2354 688; x_wconf 88' lang='lat' dir='ltr'>nulla</span> <span class='ocrx_word' id='word_1_30' title='bbox 2397 638 2542 688; x_wconf 85' lang='lat' dir='ltr'>con-</span> 
     </span>
     <span class='ocr_line' id='line_1_4' title="bbox 303 722 2542 815; baseline 0.002 -28"><span class='ocrx_word' id='word_1_31' title='bbox 303 722 559 788; x_wconf 75' lang='lat' dir='ltr'>cederet</span> <span class='ocrx_word' id='word_1_32' title='bbox 599 723 723 788; x_wconf 91' lang='lat' dir='ltr'>nisi</span> <span class='ocrx_word' id='word_1_33' title='bbox 763 724 1100 791; x_wconf 77' lang='lat' dir='ltr'>verborum</span> <span class='ocrx_word' id='word_1_34' title='bbox 1142 725 1211 788; x_wconf 93' lang='lat' dir='ltr'>iu</span> <span class='ocrx_word' id='word_1_35' title='bbox 1252 726 1321 801; x_wconf 67' lang='grc' dir='ltr'><em>ῑῖ</em></span> <span class='ocrx_word' id='word_1_36' title='bbox 1363 742 1723 815; x_wconf 85' lang='lat' dir='ltr'>eorumque,</span> <span class='ocrx_word' id='word_1_37' title='bbox 1778 744 1940 807; x_wconf 82' lang='lat' dir='ltr'>quae</span> <span class='ocrx_word' id='word_1_38' title='bbox 1983 725 2150 791; x_wconf 91' lang='lat' dir='ltr'>inter</span> <span class='ocrx_word' id='word_1_39' title='bbox 2192 727 2352 791; x_wconf 90' lang='lat' dir='ltr'>duas</span> <span class='ocrx_word' id='word_1_40' title='bbox 2397 742 2542 791; x_wconf 83' lang='lat' dir='ltr'>con-</span> 
     </span>
     <span class='ocr_line' id='line_1_5' title="bbox 303 825 2542 911; baseline 0.001 -20"><span class='ocrx_word' id='word_1_41' title='bbox 303 825 657 909; x_wconf 86' lang='lat' dir='ltr'>iugationes</span> <span class='ocrx_word' id='word_1_42' title='bbox 679 826 881 891; x_wconf 86' lang='lat' dir='ltr'>divisa</span> <span class='ocrx_word' id='word_1_43' title='bbox 908 833 1057 892; x_wconf 90' lang='lat' dir='ltr'>sunt</span> <span class='ocrx_word' id='word_1_44' title='bbox 1070 826 1156 911; x_wconf 90' lang='lat' dir='ltr'>[p.</span> <span class='ocrx_word' id='word_1_45' title='bbox 1179 827 1262 893; x_wconf 86' lang='lat'>58</span> <span class='ocrx_word' id='word_1_46' title='bbox 1286 845 1380 892; x_wconf 81' lang='lat' dir='ltr'>ex,</span> <span class='ocrx_word' id='word_1_47' title='bbox 1403 827 1554 911; x_wconf 86' lang='lat' dir='ltr'>sq.];</span> <span class='ocrx_word' id='word_1_48' title='bbox 1580 828 1757 892; x_wconf 87' lang='lat' dir='ltr'>ouius</span> <span class='ocrx_word' id='word_1_49' title='bbox 1783 828 2032 909; x_wconf 84' lang='lat' dir='ltr'>generis</span> <span class='ocrx_word' id='word_1_50' title='bbox 2057 847 2252 894; x_wconf 91' lang='lat' dir='ltr'>unum</span> <span class='ocrx_word' id='word_1_51' title='bbox 2274 827 2542 910; x_wconf 88' lang='lat' dir='ltr'>praebet</span> 
     </span>
     <span class='ocr_line' id='line_1_6' title="bbox 301 928 2539 1019; baseline -0.001 -25"><span class='ocrx_word' id='word_1_52' title='bbox 301 928 617 995; x_wconf 87' lang='lat' dir='ltr'><strong>Homerus</strong></span> <span class='ocrx_word' id='word_1_53' title='bbox 650 928 839 1019; x_wconf 80' lang='grc' dir='ltr'><strong><em>κίρνη</em></strong></span> <span class='ocrx_word' id='word_1_54' title='bbox 874 931 939 995; x_wconf 91' lang='lat' dir='ltr'>in</span> <span class='ocrx_word' id='word_1_55' title='bbox 985 930 1192 995; x_wconf 89' lang='lat' dir='ltr'>medio</span> <span class='ocrx_word' id='word_1_56' title='bbox 1232 947 1422 995; x_wconf 87' lang='lat' dir='ltr'>versu</span> <span class='ocrx_word' id='word_1_57' title='bbox 1445 928 1563 996; x_wconf 88' lang='lat' dir='ltr'>Od.</span> <span class='ocrx_word' id='word_1_58' title='bbox 1586 929 1740 995; x_wconf 90' lang='lat' dir='ltr'>XIV</span> <span class='ocrx_word' id='word_1_59' title='bbox 1765 929 1865 1011; x_wconf 82' lang='grc'>78,</span> <span class='ocrx_word' id='word_1_60' title='bbox 1910 930 2020 996; x_wconf 90' lang='lat' dir='ltr'>ubi</span> <span class='ocrx_word' id='word_1_61' title='bbox 2041 931 2312 996; x_wconf 73' lang='lat' dir='ltr'>Emest:</span> <span class='ocrx_word' id='word_1_62' title='bbox 2358 931 2426 992; x_wconf 76' lang='lat' dir='ltr'>in</span> <span class='ocrx_word' id='word_1_63' title='bbox 2457 931 2539 994; x_wconf 80' lang='lat' dir='ltr'>al.</span> 
     </span>
     <span class='ocr_line' id='line_1_7' title="bbox 301 1028 2544 1125; baseline 0 -28"><span class='ocrx_word' id='word_1_64' title='bbox 301 1029 513 1119; x_wconf 74' lang='grc' dir='ltr'><strong><em>κίρνα,</em></strong></span> <span class='ocrx_word' id='word_1_65' title='bbox 538 1037 605 1097; x_wconf 75' lang='lat' dir='ltr'>et</span> <span class='ocrx_word' id='word_1_66' title='bbox 626 1032 780 1098; x_wconf 81' lang='lat' dir='ltr'>XVI</span> <span class='ocrx_word' id='word_1_67' title='bbox 802 1032 904 1113; x_wconf 81' lang='grc'>52,</span> <span class='ocrx_word' id='word_1_68' title='bbox 950 1034 1202 1115; x_wconf 81' lang='lat' dir='ltr'>quicum</span> <span class='ocrx_word' id='word_1_69' title='bbox 1225 1032 1517 1113; x_wconf 67' lang='lat' dir='ltr'>convenit</span> <span class='ocrx_word' id='word_1_70' title='bbox 1539 1028 1740 1125; x_wconf 80' lang='grc' dir='ltr'><strong><em>πίτνα</em></strong></span> <span class='ocrx_word' id='word_1_71' title='bbox 1763 1032 1836 1098; x_wconf 92' lang='lat' dir='ltr'>Il.</span> <span class='ocrx_word' id='word_1_72' title='bbox 1862 1032 2016 1099; x_wconf 89' lang='lat' dir='ltr'>XXI</span> <span class='ocrx_word' id='word_1_73' title='bbox 2041 1033 2097 1113; x_wconf 83' lang='lat'>7,</span> <span class='ocrx_word' id='word_1_74' title='bbox 2144 1029 2369 1119; x_wconf 75' lang='grc' dir='ltr'><strong><em>ἐκίρνα</em></strong></span> <span class='ocrx_word' id='word_1_75' title='bbox 2392 1051 2544 1099; x_wconf 79' lang='lat' dir='ltr'>Vero</span> 
     </span>
     <span class='ocr_line' id='line_1_8' title="bbox 297 1135 2542 1226; baseline -0 -23"><span class='ocrx_word' id='word_1_76' title='bbox 297 1137 365 1203; x_wconf 91' lang='lat' dir='ltr'>in</span> <span class='ocrx_word' id='word_1_77' title='bbox 409 1140 691 1203; x_wconf 79' lang='lat' dir='ltr'>extremo</span> <span class='ocrx_word' id='word_1_78' title='bbox 735 1142 836 1202; x_wconf 90' lang='lat' dir='ltr'>ter</span> <span class='ocrx_word' id='word_1_79' title='bbox 879 1136 944 1201; x_wconf 93' lang='lat' dir='ltr'>in</span> <span class='ocrx_word' id='word_1_80' title='bbox 990 1135 1216 1220; x_wconf 84' lang='lat' dir='ltr'>Odyss.</span> <span class='ocrx_word' id='word_1_81' title='bbox 1261 1136 1397 1202; x_wconf 91' lang='lat' dir='ltr'>sine</span> <span class='ocrx_word' id='word_1_82' title='bbox 1440 1136 1872 1226; x_wconf 75' lang='lat' dir='ltr'>discrepantia</span> <span class='ocrx_word' id='word_1_83' title='bbox 1912 1136 2231 1218; x_wconf 85' lang='lat' dir='ltr'>scriptum.</span> <span class='ocrx_word' id='word_1_84' title='bbox 2306 1136 2542 1203; x_wconf 90' lang='lat' dir='ltr'>Parum</span> 
     </span>
     <span class='ocr_line' id='line_1_9' title="bbox 294 1236 2568 1319; baseline -0 -12"><span class='ocrx_word' id='word_1_85' title='bbox 294 1259 447 1307; x_wconf 82' lang='lat' dir='ltr'>vero</span> <span class='ocrx_word' id='word_1_86' title='bbox 490 1239 661 1305; x_wconf 86' lang='lat' dir='ltr'>inter</span> <span class='ocrx_word' id='word_1_87' title='bbox 703 1244 951 1306; x_wconf 85' lang='lat' dir='ltr'>veteres</span> <span class='ocrx_word' id='word_1_88' title='bbox 1012 1240 1332 1319; x_wconf 83' lang='lat' dir='ltr'>convenit,</span> <span class='ocrx_word' id='word_1_89' title='bbox 1398 1244 1618 1305; x_wconf 89' lang='lat' dir='ltr'>utrum</span> <span class='ocrx_word' id='word_1_90' title='bbox 1659 1236 1940 1307; x_wconf 77' lang='grc' dir='ltr'><strong><em>κατέκτα</em></strong></span> <span class='ocrx_word' id='word_1_91' title='bbox 1984 1238 2384 1306; x_wconf 86' lang='lat' dir='ltr'>scribendum</span> <span class='ocrx_word' id='word_1_92' title='bbox 2452 1240 2568 1307; x_wconf 71' lang='lat' dir='ltr'>sit‘</span> 
     </span>
     <span class='ocr_line' id='line_1_10' title="bbox 295 1339 2542 1429; baseline -0.001 -20"><span class='ocrx_word' id='word_1_93' title='bbox 295 1344 517 1427; x_wconf 86' lang='lat' dir='ltr'>(alpha</span> <span class='ocrx_word' id='word_1_94' title='bbox 538 1342 873 1424; x_wconf 83' lang='lat' dir='ltr'>producto)</span> <span class='ocrx_word' id='word_1_95' title='bbox 897 1362 936 1408; x_wconf 92' lang='lat' dir='ltr'>a</span> <span class='ocrx_word' id='word_1_96' title='bbox 956 1343 1238 1408; x_wconf 89' lang='lat' dir='ltr'>themate</span> <span class='ocrx_word' id='word_1_97' title='bbox 1262 1339 1454 1415; x_wconf 81' lang='grc' dir='ltr'><strong><em>κτάω,</em></strong></span> <span class='ocrx_word' id='word_1_98' title='bbox 1497 1361 1580 1407; x_wconf 89' lang='lat' dir='ltr'>an</span> <span class='ocrx_word' id='word_1_99' title='bbox 1609 1341 1911 1429; x_wconf 79' lang='grc' dir='ltr'><strong><em>κατέκτη,</em></strong></span> <span class='ocrx_word' id='word_1_100' title='bbox 1937 1361 1993 1407; x_wconf 83' lang='lat' dir='ltr'>v.</span> <span class='ocrx_word' id='word_1_101' title='bbox 2018 1341 2101 1407; x_wconf 87' lang='lat' dir='ltr'>ad</span> <span class='ocrx_word' id='word_1_102' title='bbox 2123 1339 2361 1407; x_wconf 86' lang='lat' dir='ltr'>Buttm.</span> <span class='ocrx_word' id='word_1_103' title='bbox 2383 1361 2444 1424; x_wconf 90' lang='lat' dir='ltr'>p.</span> <span class='ocrx_word' id='word_1_104' title='bbox 2464 1341 2542 1407; x_wconf 83' lang='lat'>13</span> 
     </span>
     <span class='ocr_line' id='line_1_11' title="bbox 298 1443 2537 1530; baseline -0 -19"><span class='ocrx_word' id='word_1_105' title='bbox 298 1445 684 1530; x_wconf 83' lang='lat' dir='ltr'>[Diss.‚V111</span> <span class='ocrx_word' id='word_1_106' title='bbox 708 1444 774 1509; x_wconf 80' lang='lat' dir='ltr'>G.</span> <span class='ocrx_word' id='word_1_107' title='bbox 797 1444 829 1510; x_wconf 97' lang='lat' dir='ltr'>I</span> <span class='ocrx_word' id='word_1_108' title='bbox 853 1446 887 1529; x_wconf 62' lang='grc' dir='ltr'>ξ</span> <span class='ocrx_word' id='word_1_109' title='bbox 914 1444 1000 1529; x_wconf 82' lang='lat'>2].</span> <span class='ocrx_word' id='word_1_110' title='bbox 1059 1443 1452 1528; x_wconf 79' lang='lat' dir='ltr'>Imperfectis</span> <span class='ocrx_word' id='word_1_111' title='bbox 1477 1445 1812 1510; x_wconf 88' lang='lat' dir='ltr'>verborum</span> <span class='ocrx_word' id='word_1_112' title='bbox 1835 1445 2370 1527; x_wconf 83' lang='lat' dir='ltr'>reduplioatorum</span> <span class='ocrx_word' id='word_1_113' title='bbox 2393 1446 2461 1510; x_wconf 90' lang='lat' dir='ltr'>in</span> <span class='ocrx_word' id='word_1_114' title='bbox 2487 1448 2537 1530; x_wconf 72' lang='grc' dir='ltr'>’ἧ</span> 
     </span>
     <span class='ocr_line' id='line_1_12' title="bbox 293 1548 2540 1631; baseline 0 -17"><span class='ocrx_word' id='word_1_115' title='bbox 293 1549 733 1615; x_wconf 82' lang='lat' dir='ltr'>desinentibus</span> <span class='ocrx_word' id='word_1_116' title='bbox 776 1548 1170 1631; x_wconf 83' lang='lat' dir='ltr'>grammatici</span> <span class='ocrx_word' id='word_1_117' title='bbox 1215 1553 1542 1631; x_wconf 88' lang='lat' dir='ltr'>apponunt</span> <span class='ocrx_word' id='word_1_118' title='bbox 1606 1548 2013 1630; x_wconf 88' lang='lat' dir='ltr'>imperativos</span> <span class='ocrx_word' id='word_1_119' title='bbox 2027 1598 2043 1628; x_wconf 89' lang='lat'>,</span> <span class='ocrx_word' id='word_1_120' title='bbox 2110 1567 2269 1630; x_wconf 89' lang='lat' dir='ltr'>quos</span> <span class='ocrx_word' id='word_1_121' title='bbox 2312 1553 2540 1615; x_wconf 83' lang='lat' dir='ltr'>vocant</span> 
     </span>
     <span class='ocr_line' id='line_1_13' title="bbox 286 1646 2540 1739; baseline 0 -21"><span class='ocrx_word' id='word_1_122' title='bbox 286 1652 568 1718; x_wconf 76' lang='lat' dir='ltr'>Atticos:</span> <span class='ocrx_word' id='word_1_123' title='bbox 595 1655 714 1718; x_wconf 86' lang='grc' dir='ltr'><strong><em>τοῦ</em></strong></span> <span class='ocrx_word' id='word_1_124' title='bbox 737 1647 1067 1739; x_wconf 75' lang='grc' dir='ltr'><strong><em>κρήμνημι</em></strong></span> <span class='ocrx_word' id='word_1_125' title='bbox 1093 1646 1128 1717; x_wconf 84' lang='grc' dir='ltr'><em>ὃ</em></span> <span class='ocrx_word' id='word_1_126' title='bbox 1157 1650 1617 1739; x_wconf 76' lang='grc' dir='ltr'><strong><em>παρατατικὸς</em></strong></span> <span class='ocrx_word' id='word_1_127' title='bbox 1640 1648 1984 1737; x_wconf 78' lang='grc' dir='ltr'><strong><em>ἐκρήμνην,</em></strong></span> <span class='ocrx_word' id='word_1_128' title='bbox 2014 1647 2300 1739; x_wconf 76' lang='grc' dir='ltr'><strong><em>ἐκρὴμνη</em></strong></span> <span class='ocrx_word' id='word_1_129' title='bbox 2326 1651 2437 1718; x_wconf 84' lang='grc' dir='ltr'>καὶ</span> <span class='ocrx_word' id='word_1_130' title='bbox 2465 1652 2540 1717; x_wconf 80' lang='grc' dir='ltr'><strong><em>τὸ</em></strong></span> 
     </span>
     <span class='ocr_line' id='line_1_14' title="bbox 290 1750 2542 1843; baseline -0 -21"><span class='ocrx_word' id='word_1_131' title='bbox 290 1754 780 1843; x_wconf 72' lang='grc' dir='ltr'><strong><em>προστακτικὸν</em></strong></span> <span class='ocrx_word' id='word_1_132' title='bbox 823 1750 1073 1843; x_wconf 82' lang='grc' dir='ltr'><strong><em>κρήμνη</em></strong></span> <span class='ocrx_word' id='word_1_133' title='bbox 1116 1754 1261 1819; x_wconf 89' lang='grc' dir='ltr'>ΕΜ.</span> <span class='ocrx_word' id='word_1_134' title='bbox 1305 1753 1451 1820; x_wconf 81' lang='grc'><strong>537.</strong></span> <span class='ocrx_word' id='word_1_135' title='bbox 1496 1752 1599 1834; x_wconf 87' lang='grc'>39,</span> <span class='ocrx_word' id='word_1_136' title='bbox 1645 1753 2000 1836; x_wconf 79' lang='lat' dir='ltr'>quodcum</span> <span class='ocrx_word' id='word_1_137' title='bbox 2042 1752 2350 1819; x_wconf 81' lang='lat' dir='ltr'>similibus</span> <span class='ocrx_word' id='word_1_138' title='bbox 2377 1751 2542 1837; x_wconf 80' lang='grc' dir='ltr'><strong><em>πίμ-</em></strong></span> 
     </span>
     <span class='ocr_line' id='line_1_15' title="bbox 291 1853 2540 1946; baseline -0 -21"><span class='ocrx_word' id='word_1_139' title='bbox 291 1882 460 1946; x_wconf 81' lang='grc' dir='ltr'><strong><em>πρη,</em></strong></span> <span class='ocrx_word' id='word_1_140' title='bbox 508 1853 782 1944; x_wconf 81' lang='grc' dir='ltr'><em>πίμπλη</em></span> <span class='ocrx_word' id='word_1_141' title='bbox 849 1857 929 1923; x_wconf 88' lang='lat' dir='ltr'>ab</span> <span class='ocrx_word' id='word_1_142' title='bbox 972 1856 1250 1924; x_wconf 90' lang='lat' dir='ltr'><strong>Homero</strong></span> <span class='ocrx_word' id='word_1_143' title='bbox 1295 1857 1573 1923; x_wconf 89' lang='lat' dir='ltr'>alienum</span> <span class='ocrx_word' id='word_1_144' title='bbox 1615 1862 1741 1936; x_wconf 87' lang='lat' dir='ltr'>est,</span> <span class='ocrx_word' id='word_1_145' title='bbox 1812 1857 1926 1922; x_wconf 90' lang='lat' dir='ltr'>sed</span> <span class='ocrx_word' id='word_1_146' title='bbox 1967 1856 2305 1923; x_wconf 83' lang='lat' dir='ltr'>verborum</span> <span class='ocrx_word' id='word_1_147' title='bbox 2347 1857 2540 1942; x_wconf 78' lang='lat' dir='ltr'>bisyl-</span> 
     </span>
     <span class='ocr_line' id='line_1_16' title="bbox 287 1958 2541 2047; baseline 0.001 -21"><span class='ocrx_word' id='word_1_148' title='bbox 287 1960 586 2027; x_wconf 90' lang='lat' dir='ltr'>laborum</span> <span class='ocrx_word' id='word_1_149' title='bbox 628 1979 823 2026; x_wconf 89' lang='lat' dir='ltr'>unum</span> <span class='ocrx_word' id='word_1_150' title='bbox 865 1961 984 2027; x_wconf 85' lang='lat' dir='ltr'>hoc</span> <span class='ocrx_word' id='word_1_151' title='bbox 1029 1958 1285 2027; x_wconf 85' lang='lat' dir='ltr'>deflexit</span> <span class='ocrx_word' id='word_1_152' title='bbox 1328 1964 1439 2047; x_wconf 82' lang='grc' dir='ltr'><strong><em>τῆ,</em></strong></span> <span class='ocrx_word' id='word_1_153' title='bbox 1490 1959 1659 2042; x_wconf 88' lang='lat' dir='ltr'>quod</span> <span class='ocrx_word' id='word_1_154' title='bbox 1703 1960 1945 2042; x_wconf 85' lang='lat' dir='ltr'>antiqui</span> <span class='ocrx_word' id='word_1_155' title='bbox 1987 1959 2355 2027; x_wconf 82' lang='lat' dir='ltr'>idemtidem</span> <span class='ocrx_word' id='word_1_156' title='bbox 2398 1979 2541 2029; x_wconf 82' lang='lat' dir='ltr'>oum</span> 
     </span>
     <span class='ocr_line' id='line_1_17' title="bbox 289 2061 2540 2153; baseline -0 -22"><span class='ocrx_word' id='word_1_157' title='bbox 289 2061 423 2147; x_wconf 82' lang='grc' dir='ltr'>πίμ</span> <span class='ocrx_word' id='word_1_158' title='bbox 432 2064 569 2152; x_wconf 83' lang='grc' dir='ltr'>πλη</span> <span class='ocrx_word' id='word_1_159' title='bbox 614 2063 965 2143; x_wconf 77' lang='lat' dir='ltr'>conferunt,-</span> <span class='ocrx_word' id='word_1_160' title='bbox 1001 2082 1207 2147; x_wconf 90' lang='lat' dir='ltr'>neque</span> <span class='ocrx_word' id='word_1_161' title='bbox 1251 2064 1551 2129; x_wconf 89' lang='lat' dir='ltr'>omittunt</span> <span class='ocrx_word' id='word_1_162' title='bbox 1592 2063 1856 2129; x_wconf 84' lang='lat' dir='ltr'>verbum</span> <span class='ocrx_word' id='word_1_163' title='bbox 1878 2063 2378 2148; x_wconf 82' lang='lat' dir='ltr'><strong>monosyllabum</strong></span> <span class='ocrx_word' id='word_1_164' title='bbox 2404 2064 2540 2153; x_wconf 79' lang='grc' dir='ltr'><strong><em>ζῇν,</em></strong></span> 
     </span>
     <span class='ocr_line' id='line_1_18' title="bbox 289 2162 2544 2256; baseline 0 -24"><span class='ocrx_word' id='word_1_165' title='bbox 289 2167 465 2251; x_wconf 86' lang='lat' dir='ltr'>quod</span> <span class='ocrx_word' id='word_1_166' title='bbox 508 2166 616 2232; x_wconf 83' lang='lat' dir='ltr'>ille</span> <span class='ocrx_word' id='word_1_167' title='bbox 661 2171 864 2232; x_wconf 77' lang='lat' dir='ltr'>totum</span> <span class='ocrx_word' id='word_1_168' title='bbox 907 2168 1185 2249; x_wconf 80' lang='lat' dir='ltr'>ignorat:</span> <span class='ocrx_word' id='word_1_169' title='bbox 1236 2162 1372 2248; x_wconf 78' lang='grc' dir='ltr'>ζᾶω</span> <span class='ocrx_word' id='word_1_170' title='bbox 1420 2162 1563 2248; x_wconf 81' lang='grc' dir='ltr'><em>ζάει</em></span> <span class='ocrx_word' id='word_1_171' title='bbox 1607 2166 1716 2233; x_wconf 78' lang='grc' dir='ltr'>καὶ</span> <span class='ocrx_word' id='word_1_172' title='bbox 1760 2166 1929 2233; x_wconf 81' lang='grc' dir='ltr'><strong><em>κατὰ</em></strong></span> <span class='ocrx_word' id='word_1_173' title='bbox 1976 2170 2212 2255; x_wconf 70' lang='grc' dir='ltr'><strong><em>κρᾶσιν</em></strong></span> <span class='ocrx_word' id='word_1_174' title='bbox 2256 2166 2544 2256; x_wconf 77' lang='grc' dir='ltr'><strong><em>δωρικὴν</em></strong></span> 
     </span>
     <span class='ocr_line' id='line_1_19' title="bbox 290 2266 2540 2358; baseline 0 -23"><span class='ocrx_word' id='word_1_175' title='bbox 290 2270 398 2358; x_wconf 83' lang='grc' dir='ltr'>ζῇ,</span> <span class='ocrx_word' id='word_1_176' title='bbox 445 2268 522 2335; x_wconf 84' lang='grc' dir='ltr'><strong><em>τὸ</em></strong></span> <span class='ocrx_word' id='word_1_177' title='bbox 572 2268 1020 2358; x_wconf 77' lang='grc' dir='ltr'><strong><em>παρατατικόν</em></strong></span> <span class='ocrx_word' id='word_1_178' title='bbox 1066 2268 1219 2351; x_wconf 78' lang='grc' dir='ltr'><strong><em>ἔζαε</em></strong></span> <span class='ocrx_word' id='word_1_179' title='bbox 1286 2267 1400 2357; x_wconf 82' lang='grc' dir='ltr'>ἔζη</span> <span class='ocrx_word' id='word_1_180' title='bbox 1446 2268 1558 2334; x_wconf 82' lang='grc' dir='ltr'>καὶ</span> <span class='ocrx_word' id='word_1_181' title='bbox 1617 2268 1692 2336; x_wconf 88' lang='grc' dir='ltr'><strong><em>τὸ</em></strong></span> <span class='ocrx_word' id='word_1_182' title='bbox 1741 2269 2226 2357; x_wconf 77' lang='grc' dir='ltr'><strong><em>προστακτικὸν</em></strong></span> <span class='ocrx_word' id='word_1_183' title='bbox 2274 2271 2380 2355; x_wconf 80' lang='grc' dir='ltr'>ζῆ,</span> <span class='ocrx_word' id='word_1_184' title='bbox 2452 2266 2540 2350; x_wconf 77' lang='grc' dir='ltr'>ὥς</span> 
     </span>
     <span class='ocr_line' id='line_1_20' title="bbox 288 2366 2543 2458; baseline 0.001 -19"><span class='ocrx_word' id='word_1_185' title='bbox 288 2370 436 2440; x_wconf 78' lang='grc' dir='ltr'>τάω</span> <span class='ocrx_word' id='word_1_186' title='bbox 482 2371 637 2439; x_wconf 80' lang='grc' dir='ltr'><strong><em>ἔταε</em></strong></span> <span class='ocrx_word' id='word_1_187' title='bbox 685 2375 775 2458; x_wconf 70' lang='grc' dir='ltr'>τῆ,</span> <span class='ocrx_word' id='word_1_188' title='bbox 810 2372 1000 2439; x_wconf 83' lang='lat' dir='ltr'><strong>schol.</strong></span> <span class='ocrx_word' id='word_1_189' title='bbox 1033 2366 1149 2438; x_wconf 89' lang='lat' dir='ltr'>Od.</span> <span class='ocrx_word' id='word_1_190' title='bbox 1175 2372 1269 2437; x_wconf 88' lang='lat' dir='ltr'>IX</span> <span class='ocrx_word' id='word_1_191' title='bbox 1298 2371 1441 2453; x_wconf 82' lang='grc'>347,</span> <span class='ocrx_word' id='word_1_192' title='bbox 1486 2372 1692 2454; x_wconf 86' lang='lat' dir='ltr'>Epim.</span> <span class='ocrx_word' id='word_1_193' title='bbox 1736 2373 1770 2437; x_wconf 96' lang='lat' dir='ltr'>I</span> <span class='ocrx_word' id='word_1_194' title='bbox 1817 2372 1957 2454; x_wconf 85' lang='lat'><strong>181,</strong></span> <span class='ocrx_word' id='word_1_195' title='bbox 2004 2373 2543 2441; x_wconf 81' lang='lat' dir='ltr'>schol.&#39;Od.VIII</span> 
     </span>
     <span class='ocr_line' id='line_1_21' title="bbox 269 2470 2541 2562; baseline 0 -18"><span class='ocrx_word' id='word_1_196' title='bbox 269 2476 443 2557; x_wconf 56' lang='lat'><strong>2177,</strong></span> <span class='ocrx_word' id='word_1_197' title='bbox 512 2475 587 2543; x_wconf 86' lang='lat' dir='ltr'>ef.</span> <span class='ocrx_word' id='word_1_198' title='bbox 632 2476 851 2542; x_wconf 89' lang='lat' dir='ltr'>Rhem.</span> <span class='ocrx_word' id='word_1_199' title='bbox 899 2475 984 2545; x_wconf 80' lang='lat'>28</span> <span class='ocrx_word' id='word_1_200' title='bbox 1027 2479 1093 2541; x_wconf 91' lang='lat' dir='ltr'>et</span> <span class='ocrx_word' id='word_1_201' title='bbox 1143 2475 1277 2543; x_wconf 90' lang='grc'>130.</span> <span class='ocrx_word' id='word_1_202' title='bbox 1420 2470 1559 2543; x_wconf 67' lang='grc' dir='ltr'>Τοῖτ</span> <span class='ocrx_word' id='word_1_203' title='bbox 1628 2476 1711 2560; x_wconf 92' lang='lat' dir='ltr'>(si</span> <span class='ocrx_word' id='word_1_204' title='bbox 1776 2477 1935 2543; x_wconf 87' lang='lat' dir='ltr'>haec</span> <span class='ocrx_word' id='word_1_205' title='bbox 1987 2482 2087 2543; x_wconf 88' lang='lat' dir='ltr'>est</span> <span class='ocrx_word' id='word_1_206' title='bbox 2128 2478 2541 2562; x_wconf 79' lang='lat' dir='ltr'>monosyllabi</span> 
     </span>
     <span class='ocr_line' id='line_1_22' title="bbox 288 2578 2535 2664; baseline 0 -16"><span class='ocrx_word' id='word_1_207' title='bbox 288 2580 497 2664; x_wconf 84' lang='lat' dir='ltr'>origo)</span> <span class='ocrx_word' id='word_1_208' title='bbox 563 2578 823 2662; x_wconf 84' lang='lat' dir='ltr'>fingitur</span> <span class='ocrx_word' id='word_1_209' title='bbox 867 2579 1030 2644; x_wconf 86' lang='lat' dir='ltr'>sieut</span> <span class='ocrx_word' id='word_1_210' title='bbox 1071 2598 1378 2662; x_wconf 82' lang='lat' dir='ltr'>personae</span> <span class='ocrx_word' id='word_1_211' title='bbox 1423 2579 1738 2648; x_wconf 82' lang='lat' dir='ltr'>secundae</span> <span class='ocrx_word' id='word_1_212' title='bbox 1776 2579 2009 2661; x_wconf 85' lang='lat' dir='ltr'>dualis,</span> <span class='ocrx_word' id='word_1_213' title='bbox 2076 2598 2239 2662; x_wconf 88' lang='lat' dir='ltr'>quae</span> <span class='ocrx_word' id='word_1_214' title='bbox 2281 2582 2535 2648; x_wconf 88' lang='lat' dir='ltr'>usitatis</span> 
     </span>
     <span class='ocr_line' id='line_1_23' title="bbox 287 2681 2539 2770; baseline -0 -17"><span class='ocrx_word' id='word_1_215' title='bbox 287 2688 361 2753; x_wconf 86' lang='lat' dir='ltr'>in</span> <span class='ocrx_word' id='word_1_216' title='bbox 444 2720 583 2770; x_wconf 73' lang='grc' dir='ltr'>αιην</span> <span class='ocrx_word' id='word_1_217' title='bbox 630 2689 749 2749; x_wconf 64' lang='lat' dir='ltr'>‘et</span> <span class='ocrx_word' id='word_1_218' title='bbox 812 2716 945 2767; x_wconf 75' lang='grc' dir='ltr'>ηιην</span> <span class='ocrx_word' id='word_1_219' title='bbox 1025 2682 1560 2763; x_wconf 76' lang='lat' dir='ltr'>praescribuntur.</span> <span class='ocrx_word' id='word_1_220' title='bbox 1690 2681 1897 2749; x_wconf 89' lang='lat' dir='ltr'>Huius</span> <span class='ocrx_word' id='word_1_221' title='bbox 1964 2683 2224 2750; x_wconf 79' lang='lat' dir='ltr'>secundi</span> <span class='ocrx_word' id='word_1_222' title='bbox 2287 2686 2539 2767; x_wconf 84' lang='lat' dir='ltr'>generis</span> 
     </span>
     <span class='ocr_line' id='line_1_24' title="bbox 290 2782 2539 2876; baseline -0.001 -22"><span class='ocrx_word' id='word_1_223' title='bbox 290 2787 501 2871; x_wconf 83' lang='lat' dir='ltr'>Epim.</span> <span class='ocrx_word' id='word_1_224' title='bbox 546 2786 579 2852; x_wconf 94' lang='grc' dir='ltr'>Ῑ</span> <span class='ocrx_word' id='word_1_225' title='bbox 627 2785 743 2852; x_wconf 86' lang='grc'>191</span> <span class='ocrx_word' id='word_1_226' title='bbox 811 2785 940 2850; x_wconf 79' lang='lat' dir='ltr'>tria</span> <span class='ocrx_word' id='word_1_227' title='bbox 1004 2782 1191 2850; x_wconf 82' lang='lat' dir='ltr'>affert</span> <span class='ocrx_word' id='word_1_228' title='bbox 1230 2785 1594 2852; x_wconf 80' lang='lat' dir='ltr'>Homerica:</span> <span class='ocrx_word' id='word_1_229' title='bbox 1640 2782 2129 2874; x_wconf 78' lang='grc' dir='ltr'><strong><em>πρσσαυδήτην,</em></strong></span> <span class='ocrx_word' id='word_1_230' title='bbox 2199 2784 2539 2876; x_wconf 78' lang='grc' dir='ltr'><strong><em>φοιτήτην,</em></strong></span> 
     </span>
     <span class='ocr_line' id='line_1_25' title="bbox 287 2886 2540 2977; baseline 0 -19"><span class='ocrx_word' id='word_1_231' title='bbox 287 2887 596 2976; x_wconf 66' lang='grc' dir='ltr'><strong><em>συλήτην,</em></strong></span> <span class='ocrx_word' id='word_1_232' title='bbox 628 2889 873 2959; x_wconf 68' lang='lat' dir='ltr'>‚omisso</span> <span class='ocrx_word' id='word_1_233' title='bbox 916 2894 1143 2970; x_wconf 88' lang='lat' dir='ltr'>quarto</span> <span class='ocrx_word' id='word_1_234' title='bbox 1187 2886 1608 2977; x_wconf 77' lang='grc' dir='ltr'><strong><em>συναντήτην,</em></strong></span> <span class='ocrx_word' id='word_1_235' title='bbox 1654 2908 1817 2971; x_wconf 85' lang='lat' dir='ltr'>quae</span> <span class='ocrx_word' id='word_1_236' title='bbox 1861 2889 2254 2972; x_wconf 83' lang='lat' dir='ltr'>grammatici</span> <span class='ocrx_word' id='word_1_237' title='bbox 2312 2889 2540 2959; x_wconf 80' lang='lat' dir='ltr'>Dorice</span> 
     </span>
     <span class='ocr_line' id='line_1_26' title="bbox 286 2986 2538 3080; baseline 0 -20"><span class='ocrx_word' id='word_1_238' title='bbox 286 2993 707 3078; x_wconf 82' lang='lat' dir='ltr'>pronunciata</span> <span class='ocrx_word' id='word_1_239' title='bbox 749 2991 966 3057; x_wconf 85' lang='lat' dir='ltr'>dieunt</span> <span class='ocrx_word' id='word_1_240' title='bbox 1010 2991 1102 3060; x_wconf 84' lang='lat' dir='ltr'>sio</span> <span class='ocrx_word' id='word_1_241' title='bbox 1143 2996 1219 3057; x_wconf 89' lang='lat' dir='ltr'>ut</span> <span class='ocrx_word' id='word_1_242' title='bbox 1261 2986 1464 3080; x_wconf 81' lang='grc' dir='ltr'><strong><em>ὁρῆτο</em></strong></span> <span class='ocrx_word' id='word_1_243' title='bbox 1509 3009 1624 3075; x_wconf 86' lang='lat' dir='ltr'>pro</span> <span class='ocrx_word' id='word_1_244' title='bbox 1670 2986 1903 3079; x_wconf 77' lang='grc' dir='ltr'><strong><em>ὁρᾶτο,</em></strong></span> <span class='ocrx_word' id='word_1_245' title='bbox 1949 3013 2006 3059; x_wconf 87' lang='lat' dir='ltr'>v.</span> <span class='ocrx_word' id='word_1_246' title='bbox 2036 2992 2299 3061; x_wconf 89' lang='lat' dir='ltr'><strong>Elemm.</strong></span> <span class='ocrx_word' id='word_1_247' title='bbox 2330 2995 2364 3061; x_wconf 93' lang='grc' dir='ltr'><strong>Ι</strong></span> <span class='ocrx_word' id='word_1_248' title='bbox 2394 2993 2538 3061; x_wconf 85' lang='grc'><strong>378.</strong></span> 
     </span>
     <span class='ocr_line' id='line_1_27' title="bbox 291 3093 2396 3166; baseline 0.001 -2"><span class='ocrx_word' id='word_1_249' title='bbox 291 3096 433 3164; x_wconf 82' lang='lat' dir='ltr'>Sed</span> <span class='ocrx_word' id='word_1_250' title='bbox 464 3097 627 3162; x_wconf 86' lang='lat' dir='ltr'>haee</span> <span class='ocrx_word' id='word_1_251' title='bbox 667 3095 865 3160; x_wconf 88' lang='lat' dir='ltr'>missa</span> <span class='ocrx_word' id='word_1_252' title='bbox 905 3093 1187 3161; x_wconf 84' lang='lat' dir='ltr'>facimus.</span> <span class='ocrx_word' id='word_1_253' title='bbox 1937 3157 1944 3164; x_wconf 91' lang='lat'>.</span> <span class='ocrx_word' id='word_1_254' title='bbox 2056 3118 2070 3130; x_wconf 55' lang='lat'>⁸</span> <span class='ocrx_word' id='word_1_255' title='bbox 2391 3159 2396 3166; x_wconf 84' lang='grc'><strong><em>,</em></strong></span> 
     </span>
     <span class='ocr_line' id='line_1_28' title="bbox 462 3199 2539 3270; baseline -0.002 0"><span class='ocrx_word' id='word_1_256' title='bbox 462 3201 576 3270; x_wconf 61' lang='lat'>51}</span> <span class='ocrx_word' id='word_1_257' title='bbox 617 3203 684 3265; x_wconf 90' lang='lat' dir='ltr'>et</span> <span class='ocrx_word' id='word_1_258' title='bbox 727 3202 798 3270; x_wconf 58' lang='grc' dir='ltr'>αἶ</span> <span class='ocrx_word' id='word_1_259' title='bbox 840 3217 966 3265; x_wconf 92' lang='lat' dir='ltr'>non</span> <span class='ocrx_word' id='word_1_260' title='bbox 1019 3217 1167 3265; x_wconf 90' lang='lat' dir='ltr'>raro</span> <span class='ocrx_word' id='word_1_261' title='bbox 1212 3202 1679 3265; x_wconf 83' lang='lat' dir='ltr'>commutantur</span> <span class='ocrx_word' id='word_1_262' title='bbox 1720 3199 1788 3264; x_wconf 91' lang='lat' dir='ltr'>in</span> <span class='ocrx_word' id='word_1_263' title='bbox 1830 3199 2149 3266; x_wconf 76' lang='lat' dir='ltr'>‘vocabulis</span> <span class='ocrx_word' id='word_1_264' title='bbox 2194 3218 2273 3265; x_wconf 88' lang='lat' dir='ltr'>ex</span> <span class='ocrx_word' id='word_1_265' title='bbox 2316 3200 2539 3266; x_wconf 87' lang='lat' dir='ltr'>eadem</span> 
     </span>
     <span class='ocr_line' id='line_1_29' title="bbox 288 3301 2540 3385; baseline -0 -14"><span class='ocrx_word' id='word_1_266' title='bbox 288 3304 511 3371; x_wconf 84' lang='lat' dir='ltr'>radice</span> <span class='ocrx_word' id='word_1_267' title='bbox 528 3329 533 3334; x_wconf 93' lang='lat'>·</span> <span class='ocrx_word' id='word_1_268' title='bbox 550 3303 738 3384; x_wconf 83' lang='lat' dir='ltr'>natis,</span> <span class='ocrx_word' id='word_1_269' title='bbox 782 3302 974 3385; x_wconf 89' lang='lat' dir='ltr'>idque</span> <span class='ocrx_word' id='word_1_270' title='bbox 998 3302 1394 3384; x_wconf 80' lang='lat' dir='ltr'>grammatici</span> <span class='ocrx_word' id='word_1_271' title='bbox 1439 3302 1532 3367; x_wconf 87' lang='lat' dir='ltr'>sio</span> <span class='ocrx_word' id='word_1_272' title='bbox 1562 3301 1969 3384; x_wconf 87' lang='lat' dir='ltr'>interpretari</span> <span class='ocrx_word' id='word_1_273' title='bbox 1999 3302 2222 3383; x_wconf 84' lang='lat' dir='ltr'>solent,</span> <span class='ocrx_word' id='word_1_274' title='bbox 2269 3301 2540 3370; x_wconf 87' lang='lat' dir='ltr'>alterum</span> 
     </span>
     <span class='ocr_line' id='line_1_30' title="bbox 289 3404 2523 3491; baseline -0.001 -17"><span class='ocrx_word' id='word_1_275' title='bbox 289 3425 682 3491; x_wconf 85' lang='lat' dir='ltr'>germanum,</span> <span class='ocrx_word' id='word_1_276' title='bbox 728 3405 1001 3470; x_wconf 87' lang='lat' dir='ltr'>alterum</span> <span class='ocrx_word' id='word_1_277' title='bbox 1044 3423 1122 3470; x_wconf 89' lang='lat' dir='ltr'>ex</span> <span class='ocrx_word' id='word_1_278' title='bbox 1167 3419 1241 3469; x_wconf 89' lang='lat' dir='ltr'>eo</span> <span class='ocrx_word' id='word_1_279' title='bbox 1287 3409 1679 3472; x_wconf 82' lang='lat' dir='ltr'>contractum</span> <span class='ocrx_word' id='word_1_280' title='bbox 1724 3422 1892 3474; x_wconf 58' lang='lat' dir='ltr'>esse„</span> <span class='ocrx_word' id='word_1_281' title='bbox 1969 3404 2056 3469; x_wconf 89' lang='lat' dir='ltr'>Et</span> <span class='ocrx_word' id='word_1_282' title='bbox 2108 3404 2191 3469; x_wconf 88' lang='lat' dir='ltr'>ad</span> <span class='ocrx_word' id='word_1_283' title='bbox 2233 3405 2353 3470; x_wconf 86' lang='lat' dir='ltr'>hoo</span> <span class='ocrx_word' id='word_1_284' title='bbox 2393 3419 2523 3487; x_wconf 87' lang='lat' dir='ltr'>pro·</span> 
     </span>
     <span class='ocr_line' id='line_1_31' title="bbox 286 3503 2537 3591; baseline -0.002 -14"><span class='ocrx_word' id='word_1_285' title='bbox 286 3510 571 3577; x_wconf 84' lang='lat' dir='ltr'>bandum</span> <span class='ocrx_word' id='word_1_286' title='bbox 634 3513 900 3575; x_wconf 91' lang='lat' dir='ltr'>utuntur</span> <span class='ocrx_word' id='word_1_287' title='bbox 966 3506 1267 3589; x_wconf 88' lang='lat' dir='ltr'>exemplis</span> <span class='ocrx_word' id='word_1_288' title='bbox 1322 3508 1556 3589; x_wconf 86' lang='lat' dir='ltr'>partim</span> <span class='ocrx_word' id='word_1_289' title='bbox 1601 3507 1912 3591; x_wconf 84' lang='lat' dir='ltr'>ambiguis</span> <span class='ocrx_word' id='word_1_290' title='bbox 1926 3557 1942 3588; x_wconf 86' lang='lat'>‚</span> <span class='ocrx_word' id='word_1_291' title='bbox 2009 3503 2244 3588; x_wconf 84' lang='lat' dir='ltr'>partim</span> <span class='ocrx_word' id='word_1_292' title='bbox 2287 3508 2537 3591; x_wconf 85' lang='lat' dir='ltr'>ineptis,</span> 
     </span>
     <span class='ocr_line' id='line_1_32' title="bbox 293 3607 2536 3693; baseline -0.001 -13"><span class='ocrx_word' id='word_1_293' title='bbox 293 3613 645 3680; x_wconf 84' lang='lat' dir='ltr'>cuiusmodi</span> <span class='ocrx_word' id='word_1_294' title='bbox 687 3612 847 3679; x_wconf 84' lang='lat' dir='ltr'>haee</span> <span class='ocrx_word' id='word_1_295' title='bbox 892 3615 1040 3676; x_wconf 89' lang='lat' dir='ltr'>sunt</span> <span class='ocrx_word' id='word_1_296' title='bbox 1081 3609 1148 3674; x_wconf 92' lang='lat' dir='ltr'>in</span> <span class='ocrx_word' id='word_1_297' title='bbox 1207 3608 1351 3676; x_wconf 89' lang='lat' dir='ltr'>EM.</span> <span class='ocrx_word' id='word_1_298' title='bbox 1403 3609 1543 3677; x_wconf 84' lang='lat'><strong>170.</strong></span> <span class='ocrx_word' id='word_1_299' title='bbox 1590 3610 1691 3691; x_wconf 88' lang='grc'>56,</span> <span class='ocrx_word' id='word_1_300' title='bbox 1760 3610 1965 3693; x_wconf 87' lang='lat' dir='ltr'>Epim.</span> <span class='ocrx_word' id='word_1_301' title='bbox 2010 3610 2076 3677; x_wconf 91' lang='grc' dir='ltr'>Π</span> <span class='ocrx_word' id='word_1_302' title='bbox 2118 3609 2262 3678; x_wconf 89' lang='lat'><strong>335.</strong></span> <span class='ocrx_word' id='word_1_303' title='bbox 2310 3610 2349 3678; x_wconf 88' lang='grc'><strong>6</strong></span> <span class='ocrx_word' id='word_1_304' title='bbox 2396 3607 2536 3678; x_wconf 78' lang='grc' dir='ltr'>ἀπὸ</span> 
     </span>
     <span class='ocr_line' id='line_1_33' title="bbox 292 3707 2542 3805; baseline 0 -22"><span class='ocrx_word' id='word_1_305' title='bbox 292 3719 413 3784; x_wconf 84' lang='grc' dir='ltr'><strong><em>τοῦ</em></strong></span> <span class='ocrx_word' id='word_1_306' title='bbox 460 3712 587 3805; x_wconf 77' lang='grc' dir='ltr'>ἆήρ</span> <span class='ocrx_word' id='word_1_307' title='bbox 634 3712 803 3803; x_wconf 76' lang='grc' dir='ltr'>ἀέρα</span> <span class='ocrx_word' id='word_1_308' title='bbox 848 3715 1067 3800; x_wconf 79' lang='grc' dir='ltr'><strong><em>γέγονε</em></strong></span> <span class='ocrx_word' id='word_1_309' title='bbox 1112 3713 1278 3778; x_wconf 85' lang='grc' dir='ltr'><strong><em>κατὰ</em></strong></span> <span class='ocrx_word' id='word_1_310' title='bbox 1327 3716 1562 3801; x_wconf 78' lang='grc' dir='ltr'><strong><em>κρᾶσιν</em></strong></span> <span class='ocrx_word' id='word_1_311' title='bbox 1606 3707 1782 3803; x_wconf 66' lang='grc' dir='ltr'>αῗῖρα</span> <span class='ocrx_word' id='word_1_312' title='bbox 1828 3709 1913 3793; x_wconf 79' lang='grc' dir='ltr'>ὡς</span> <span class='ocrx_word' id='word_1_313' title='bbox 1961 3717 2161 3799; x_wconf 78' lang='grc' dir='ltr'><em>γρᾶες</em></span> <span class='ocrx_word' id='word_1_314' title='bbox 2203 3717 2409 3802; x_wconf 79' lang='grc' dir='ltr'><strong><em>γραῦς</em></strong></span> <span class='ocrx_word' id='word_1_315' title='bbox 2431 3709 2542 3783; x_wconf 67' lang='grc' dir='ltr'>καὶ</span> 
     </span>
     <span class='ocr_line' id='line_1_34' title="bbox 293 3816 2541 3900; baseline -0 -14"><span class='ocrx_word' id='word_1_316' title='bbox 293 3822 446 3899; x_wconf 71' lang='grc' dir='ltr'><strong><em>νᾶες</em></strong></span> <span class='ocrx_word' id='word_1_317' title='bbox 490 3823 650 3897; x_wconf 82' lang='grc' dir='ltr'><strong><em>ναῦς</em></strong></span> <span class='ocrx_word' id='word_1_318' title='bbox 677 3817 745 3900; x_wconf 84' lang='lat'>¹).</span> <span class='ocrx_word' id='word_1_319' title='bbox 862 3816 960 3881; x_wconf 91' lang='lat' dir='ltr'>De</span> <span class='ocrx_word' id='word_1_320' title='bbox 1024 3816 1228 3898; x_wconf 88' lang='lat' dir='ltr'>primo</span> <span class='ocrx_word' id='word_1_321' title='bbox 1271 3816 1381 3882; x_wconf 88' lang='lat' dir='ltr'>illo</span> <span class='ocrx_word' id='word_1_322' title='bbox 1422 3817 1580 3882; x_wconf 89' lang='lat' dir='ltr'>nihil</span> <span class='ocrx_word' id='word_1_323' title='bbox 1627 3816 1899 3900; x_wconf 89' lang='lat' dir='ltr'>amplius</span> <span class='ocrx_word' id='word_1_324' title='bbox 1944 3817 2068 3883; x_wconf 83' lang='lat' dir='ltr'>dici</span> <span class='ocrx_word' id='word_1_325' title='bbox 2109 3823 2349 3900; x_wconf 88' lang='lat' dir='ltr'>potest,</span> <span class='ocrx_word' id='word_1_326' title='bbox 2416 3819 2541 3885; x_wconf 91' lang='lat' dir='ltr'>nisi</span> 
     </span>
     <span class='ocr_line' id='line_1_35' title="bbox 216 3915 2535 4009; baseline 0.001 -22"><span class='ocrx_word' id='word_1_327' title='bbox 216 3936 229 3941; x_wconf 86' lang='grc'><strong>’</strong></span> <span class='ocrx_word' id='word_1_328' title='bbox 295 3915 425 4009; x_wconf 77' lang='grc' dir='ltr'>ἆήρ</span> <span class='ocrx_word' id='word_1_329' title='bbox 492 3926 561 3987; x_wconf 88' lang='lat' dir='ltr'>et</span> <span class='ocrx_word' id='word_1_330' title='bbox 615 3917 789 4007; x_wconf 73' lang='grc' dir='ltr'><strong><em>αὔρα</em></strong></span> <span class='ocrx_word' id='word_1_331' title='bbox 857 3919 1170 3988; x_wconf 83' lang='lat' dir='ltr'>communi</span> <span class='ocrx_word' id='word_1_332' title='bbox 1232 3919 1352 3985; x_wconf 89' lang='lat' dir='ltr'>niti</span> <span class='ocrx_word' id='word_1_333' title='bbox 1416 3917 1841 3987; x_wconf 84' lang='lat' dir='ltr'>fundamento.</span> <span class='ocrx_word' id='word_1_334' title='bbox 1971 3919 2257 3988; x_wconf 91' lang='lat' dir='ltr'>Duorum</span> <span class='ocrx_word' id='word_1_335' title='bbox 2320 3941 2535 3989; x_wconf 90' lang='lat' dir='ltr'>mono-</span> 
     </span>
     <span class='ocr_line' id='line_1_36' title="bbox 294 4019 2534 4109; baseline 0 -18"><span class='ocrx_word' id='word_1_336' title='bbox 294 4024 709 4109; x_wconf 76' lang='lat' dir='ltr'>syllaborm‚</span> <span class='ocrx_word' id='word_1_337' title='bbox 772 4041 935 4105; x_wconf 90' lang='lat' dir='ltr'>quae</span> <span class='ocrx_word' id='word_1_338' title='bbox 1002 4027 1152 4087; x_wconf 90' lang='lat' dir='ltr'>sunt</span> <span class='ocrx_word' id='word_1_339' title='bbox 1214 4022 1403 4089; x_wconf 90' lang='lat' dir='ltr'>huius</span> <span class='ocrx_word' id='word_1_340' title='bbox 1467 4019 1709 4104; x_wconf 85' lang='lat' dir='ltr'>figurae</span> <span class='ocrx_word' id='word_1_341' title='bbox 1762 4023 1976 4105; x_wconf 80' lang='lat' dir='ltr'>unica,</span> <span class='ocrx_word' id='word_1_342' title='bbox 2041 4023 2185 4090; x_wconf 89' lang='lat' dir='ltr'>EM.</span> <span class='ocrx_word' id='word_1_343' title='bbox 2241 4024 2386 4091; x_wconf 84' lang='lat'><strong>598.</strong></span> <span class='ocrx_word' id='word_1_344' title='bbox 2437 4023 2534 4106; x_wconf 88' lang='grc'>14,</span> 
     </span>
    </p>
   </div>
   <div class='ocr_carea' id='block_1_3' title="bbox 785 2683 959 2693">
    <p class='ocr_par' dir='ltr' id='par_1_3' title="bbox 785 2683 959 2693">
     <span class='ocr_line' id='line_1_37' title="bbox 785 2683 959 2693; baseline 0 0"><span class='ocrx_word' id='word_1_345' title='bbox 785 2683 959 2693; x_wconf 95' lang='lat' dir='ltr'> </span> 
     </span>
    </p>
   </div>
   <div class='ocr_carea' id='block_1_4' title="bbox 423 2686 598 2698">
    <p class='ocr_par' dir='ltr' id='par_1_4' title="bbox 423 2686 598 2698">
     <span class='ocr_line' id='line_1_38' title="bbox 423 2686 598 2698; baseline 0 0"><span class='ocrx_word' id='word_1_346' title='bbox 423 2686 598 2698; x_wconf 95' lang='lat' dir='ltr'> </span> 
     </span>
    </p>
   </div>
   <div class='ocr_carea' id='block_1_5' title="bbox 297 4178 811 4192">
    <p class='ocr_par' dir='ltr' id='par_1_5' title="bbox 297 4178 811 4192">
     <span class='ocr_line' id='line_1_39' title="bbox 297 4178 811 4192; baseline 0 736"><span class='ocrx_word' id='word_1_347' title='bbox 297 4178 811 4192; x_wconf 95' lang='lat' dir='ltr'> </span> 
     </span>
    </p>
   </div>
   <div class='ocr_carea' id='block_1_6' title="bbox 299 4219 2521 4419">
    <p class='ocr_par' dir='ltr' id='par_1_6' title="bbox 299 4219 2521 4419">
     <span class='ocr_line' id='line_1_40' title="bbox 431 4219 2521 4328; baseline -0.003 -7"><span class='ocrx_word' id='word_1_348' title='bbox 431 4266 487 4328; x_wconf 88' lang='lat'>1)</span> <span class='ocrx_word' id='word_1_349' title='bbox 523 4267 625 4319; x_wconf 80' lang='lat' dir='ltr'>His</span> <span class='ocrx_word' id='word_1_350' title='bbox 660 4265 846 4320; x_wconf 85' lang='lat' dir='ltr'><strong>soholl.</strong></span> <span class='ocrx_word' id='word_1_351' title='bbox 894 4266 956 4319; x_wconf 91' lang='lat'>11.</span> <span class='ocrx_word' id='word_1_352' title='bbox 1009 4266 1038 4317; x_wconf 92' lang='lat'>1</span> <span class='ocrx_word' id='word_1_353' title='bbox 1083 4263 1184 4318; x_wconf 78' lang='lat'>133</span> <span class='ocrx_word' id='word_1_354' title='bbox 1234 4245 1526 4317; x_wconf 67' lang='lat' dir='ltr'>abutuntur</span> <span class='ocrx_word' id='word_1_355' title='bbox 1575 4266 1644 4318; x_wconf 83' lang='lat' dir='ltr'>ad</span> <span class='ocrx_word' id='word_1_356' title='bbox 1698 4266 2159 4319; x_wconf 77' lang='lat' dir='ltr'>demonstrandum</span> <span class='ocrx_word' id='word_1_357' title='bbox 2214 4219 2521 4317; x_wconf 64' lang='lat' dir='ltr'>adverbium</span> 
     </span>
     <span class='ocr_line' id='line_1_41' title="bbox 299 4346 1544 4419; baseline -0.001 -14"><span class='ocrx_word' id='word_1_358' title='bbox 299 4346 476 4412; x_wconf 77' lang='grc' dir='ltr'><strong><em>αὔτως</em></strong></span> <span class='ocrx_word' id='word_1_359' title='bbox 508 4355 712 4419; x_wconf 73' lang='lat' dir='ltr'>frastra</span> <span class='ocrx_word' id='word_1_360' title='bbox 748 4368 811 4403; x_wconf 84' lang='lat' dir='ltr'>ex</span> <span class='ocrx_word' id='word_1_361' title='bbox 848 4348 1015 4411; x_wconf 80' lang='grc' dir='ltr'><strong><em>ἅέτως</em></strong></span> <span class='ocrx_word' id='word_1_362' title='bbox 1049 4358 1374 4413; x_wconf 74' lang='lat' dir='ltr'>contractum</span> <span class='ocrx_word' id='word_1_363' title='bbox 1409 4369 1544 4412; x_wconf 70' lang='lat' dir='ltr'>esse,</span> 
     </span>
    </p>
   </div>
  </div>
 </body>
</html>
