2946 4928
419 343 535 409 DE
576 299 1070 439 -smAEREsL
1117 345 1522 414 DIAERESI
1563 315 1682 414 ete.
1747 346 1815 455 r.
1839 347 1921 414 11.
1968 346 2035 414 e.
2058 348 2141 415 11.
2187 349 2241 435 g.
2267 349 2324 415 5.
2396 347 2515 416 111

139 584 148 592 α
276 504 454 572 λοέω
499 493 633 588 per>
660 507 1032 589 epenthesin
1074 514 1149 573 ut
1190 506 1324 575 κύω
1370 511 1535 590 uulso
1561 510 1660 593 ⁴),-
1705 515 1772 575 et
1832 510 1978 576 hinc
2018 511 2301 576 nonnulli
2344 505 2520 578 λούω

273 613 675 675 contractum
719 617 995 702 censent,
1064 612 1233 693 quod
1296 616 1443 693 post
1484 612 1833 680 Homerum
1873 615 1955 678 ‘in
2001 614 2519 681 consuetudinem

269 711 482 791 venit,
530 713 671 778 aliis
717 714 1101 779 contrarium
1145 714 1586 781 suadentibus:
1654 716 1731 782 τὸ
1800 717 1888 782 λο
1906 715 2134 785 έσσαι
2202 718 2387 785 δοκεῖ
2425 716 2520 805 μὴ

273 812 354 881 ἐκ
407 818 529 880 τοῦ
596 818 1108 901 περισπωμένου
1174 817 1530 896 ἐνεστῶτος
1593 819 1896 904 γενέσθαι
1940 825 2059 885 τοῦ
2106 820 2282 895 loca,
2354 814 2518 886 ἀλλὰ

273 914 797 984 κατὰ-διάλυσιν
844 918 914 985 ἐκ
960 927 1077 986 τοῦ
1123 924 1430 987 λοῦσαι·
1477 920 1831 1009 κιρναμένη
1878 922 2003 1009 γὰρ
2046 916 2201 1009 ἢῖιῖἷ
2231 920 2519 1012 δίφθογ·

273 1044 392 1105 γος
437 1015 510 1086 ἐκ
555 1023 674 1086 τοῖ
719 1022 748 1091 Ξ
805 1020 994 1093 καῖό
1047 1017 1141 1100 εἷς
1195 1017 1399 1109 αὐτὴν
1443 1022 1555 1088 καὶ
1600 1018 1981 1091 ἀναλύεται·
2049 1022 2225 1090 ἔστιν
2282 1017 2397 1092 οὗν
2441 1025 2517 1091 τὸ

188 1143 199 1148 ·
276 1122 724 1206 πρωτότυπον
769 1120 936 1190 λούω
981 1124 1094 1191 καὶ
1139 1124 1206 1192 ἐν
1251 1122 1544 1200 διαλύσει
1595 1127 1795 1193 loga»
1839 1120 1885 1214 ἢ
1930 1124 2265 1193 ἀνάπαλιν
2310 1128 2420 1195 καὶ
2445 1124 2520 1207 ἐξ

208 1301 215 1310 ,
273 1221 500 1292 αὐτῶν
529 1225 598 1291 τὸ
628 1224 959 1311 λοέτρόν
990 1226 1102 1294 καὶ
1125 1228 1200 1294 τὸ
1227 1225 1594 1314 λουτρόν,
1617 1227 1692 1294 τὸ
1729 1227 2081 1297 λόεσθαι
2110 1229 2214 1295 καὶ
2239 1254 2313 1295 το
2341 1231 2513 1297 λοῦ·

271 1333 378 1393 σθ
400 1354 440 1392 α
458 1354 478 1393 ι
523 1328 700 1393 Eust.
730 1326 911 1393 1300.
946 1326 1046 1395 60.
1065 1367 1137 1377 -—
1167 1329 1225 1394 A
1246 1331 1639 1413 praescripto
1683 1327 1901 1398 ordine
1934 1332 2210 1416 discedit
2232 1330 2515 1399 futurum

273 1428 560 1514 ὀμεῖται,
596 1450 711 1513 pro
732 1450 857 1515 quo
882 1427 1164 1516 ὄμοῦται
1200 1432 1532 1498 dicendum
1555 1438 1695 1499 erat
1735 1433 2058 1500 <localibus
2106 1440 2172 1506 ’ὅ
2201 1440 2267 1500 et
2303 1435 2337 1506 ἒ
2370 1440 2517 1518 post

269 1535 690 1600 exemtionem
703 1553 1010 1601 consonae
1033 1536 1445 1617 interpositae
1467 1537 1535 1601 in
1549 1536 1631 1606 323
1652 1538 2011 1617 contractiS,
2024 1538 2140 1603 sed
2160 1538 2515 1619 analogiam

273 1637 605 1718 superavit
637 1638 858 1705 similis
903 1657 1095 1704 sonus
1138 1636 1475 1704 verborum
1517 1639 1899 1720 liquidorum
1944 1644 2283 1723 καμοῢμαι
2305 1677 2376 1688 -
2396 1667 2510 1707 κα-

268 1746 523 1823 μεῖται,
572 1742 1393 1827 δ(ιαμοῦμαι-”-δραμεῖται
1440 1745 1577 1821 ete„
1622 1761 1679 1806 v.
1707 1741 1932 1807 Rhem.
1961 1741 2099 1807 163.
2128 1780 2205 1816 --,
2237 1743 2515 1811 Dorismi

269 1844 552 1924 speciem
617 1845 991 1909 assimulant
1056 1844 1179 1910 duo
1223 1844 1419 1910 verba
1432 1896 1447 1925 ,
1516 1863 1711 1909 unum
1756 1844 2187 1927 Homericum,
2256 1846 2335 1911 de
2389 1864 2513 1928 quo

267 1944 475 2027 Epim.
521 1945 555 2009 I
604 1944 752 2010 402.
798 1944 910 2027 24,
977 1945 1121 2011 ΕΜ.
1171 1946 1312 2011 708.
1358 1946 1440 2011 38
1511 1943 1753 2013 ἑσάου
1823 1948 1932 2014 καὶ
2001 1954 2215 2035 τροπῇ
2261 1950 2513 2038 δωρικῇ
2554 1960 2558 1962 “

270 2052 389 2136 τῆς
414 2051 481 2120 ἶῦ
504 2045 597 2125 εἷς
616 2051 668 2119 ἶῦ
692 2047 900 2115 §odeo
925 2048 1033 2115 καὶ
1059 2045 1125 2133 (ὁ
1152 2047 1655 2135 προστακτικὸς)
1682 2046 1776 2116 σά
1796 2074 1879 2131 ω,
1927 2070 1982 2116 v.
2007 2051 2090 2115 ad
2112 2033 2511 2133 Buttm.2‘96,

270 2152 542 2217 alterum
563 2151 874 2217 Atticum:
920 2150 995 2217 τὸ
1026 2147 1292 2241 ’ῥιγῶν
1338 2149 1480 2218 ἀντὶ
1508 2158 1625 2218 τοῦ
1656 2154 1932 2241 ῥιγοῦν
1978 2149 2284 2239 δωρικόν·
2316 2158 2538 2221 τοῦτο’

271 2259 778 2342 κατακρατῆσαν
824 2254 1009 2342 παρὰ
1053 2260 1194 2333 τοῖς
1209 2252 1534 2332 Ἀττικοῖς
1578 2255 1767 2320 schol.
1790 2255 1982 2337 Vesp.
2007 2253 2153 2337 446,
2183 2256 2338 2323 Avv.
2362 2255 2507 2324 935.

272 2358 363 2423 Ac
424 2358 640 2423 nescio
707 2376 789 2423 an
853 2357 1274 2439 bibliographi
1289 2407 1304 2437 ,
1371 2358 1481 2438 qui
1538 2357 1706 2438 apud
1749 2356 2098 2423 Hesiodum
2140 2378 2255 2441 pro
2301 2354 2507 2447 ἀρόμ-

267 2487 485 2544 μεναι,
528 2466 603 2527 ut
642 2460 831 2543 vulgo
873 2461 1123 2543 legitur,
1171 2455 1503 2547 ἀρώμεναι
1553 2460 1967 2543 scripserunt,
2034 2461 2102 2527 id
2143 2481 2257 2543 pro
2305 2459 2507 2552 ἀρού-

266 2589 462 2646 μεναι
507 2564 786 2646 positum
829 2583 970 2629 esse
1015 2564 1417 2645 crediderint,
1461 2584 1517 2630 v.
1562 2563 1826 2654 Elemm.
1872 2563 1905 2628 I
1947 2562 2091 2628 268.

444 2665 571 2733 Sed
610 2667 919 2732 latissime
962 2666 1119 2731 haec
1163 2664 1441 2747 syllabae
1487 2663 1698 2731 finalis
1741 2667 2056 2747 corruptio
2087 2671 2353 2747 vagatur
2393 2687 2509 2750 per

269 2768 581 2836 adiectiva
621 2770 688 2835 in
729 2771 868 2853 ἴεῑῖζ
911 2784 1179 2851 quorum
1222 2767 1522 2833 nonnulla
1554 2768 2091 2835 substantivorum
2113 2771 2239 2835 vim
2265 2758 2508 2854 'adepta

268 2876 442 2936 sunt:
514 2872 839 2951 πλακοῦς,
911 2856 1285 2957 πυραμοῖς,’
1338 2865 1719 2953 Ἀμαθοῦς,
1788 2893 2063 2935 cerussa.
2181 2874 2510 2940 Adiectiva

267 2975 629 3041 huiusmodi
670 2974 1003 3041 Florianus
1047 2973 1302 3038 Lobeck
1346 2973 1413 3037 in
1460 2972 1742 3050 Quaestt.
1787 2974 1829 3039 J
1831 2992 1927 3039 on.
1973 2975 2005 3040 Ι
2048 2995 2107 3058 p.
2133 2976 2216 3041 24
2261 2996 2338 3043 ex
2380 2997 2506 3043 uno

269 3077 546 3143 Homero
589 3077 1010 3159 quadraginta
1054 3077 1221 3141 eruit
1262 3077 1487 3158 hisque
1533 3077 1813 3158 aggessit
1854 3076 2127 3158 plurima
2170 3097 2248 3143 ex
2277 3080 2505 3146 ceteris

271 3181 463 3262 epicis
526 3184 1039 3262 praetergressus
1105 3179 1388 3262 propria,
1455 3197 1573 3244 nec
1616 3180 1999 3245 mentionem
2042 3180 2263 3246 habuit
2306 3183 2503 3248 orasis

271 3287 334 3347 et
397 3283 719 3366 synizesis.
805 3283 984 3348 Illius
1029 3283 1283 3365 quidem
1348 3282 1415 3346 in
1465 3280 1818 3347 Homericis
1882 3284 2127 3348 nullum
2167 3285 2506 3365 vestigium

271 3386 561 3466 emergit,
631 3386 743 3451 sed
786 3384 1102 3451 Hesiodus
1168 3387 1236 3451 iu
1291 3386 1464 3450 exitu
1507 3403 1730 3450 versus
1785 3387 1999 3466 posuit
2044 3383 2233 3452 θεῖόν
2278 3412 2347 3453 τε
2390 3391 2497 3452 Σι-

174 3551 181 3561 ,
268 3492 517 3570 μοῦντα
530 3535 551 3568 ,
618 3487 787 3569 quod
829 3488 1155 3554 doctorum
1196 3487 1480 3554 nonnulli
1524 3488 1607 3552 ad
1647 3488 2050 3554 Homericam
2092 3487 2359 3554 formam
2399 3507 2503 3555 r-e-

273 3590 609 3672 digendum
670 3595 976 3673 putarunt
999 3643 1014 3672 ,
1082 3592 1197 3657 sed
1262 3590 1546 3657 defendit
1625 3592 1907 3656 codicum
1970 3610 2316 3681 consensus
2334 3643 2349 3673 ,
2426 3591 2501 3660 cf.

274 3692 589 3759 Muetzell.
655 3712 716 3775 p.
762 3691 864 3758 96.
971 3694 1369 3760 Femininuni
1411 3694 1751 3775 Euripides
1813 3686 2017 3759 metro
2072 3697 2503 3762 accommodat
2611 3778 2616 3781 ι

272 3795 612 3879 Σιμοεντίς
655 3800 722 3861 et
764 3794 1136 3879 Σιμουντίς,
1204 3816 1327 3879 quo
1372 3797 1481 3863 alii
1524 3816 1772 3880 quoque
1816 3801 2096 3862 utuntur.
2187 3796 2501 3881 Synizesis

272 3898 622 3981 opinionem
688 3900 904 3965 attulit
969 3899 1347 3965 adiectivum
1415 3895 1849 3988 φοινικόεσσα
1904 3899 1971 3964 in
2014 3901 2235 3966 eodem
2278 3920 2501 3968 versus

269 4001 399 4068 loco
443 4003 750 4085 scriptum
792 4001 866 4066 11.
909 4001 983 4087 X,
1019 4001 1159 4084 133,
1206 4002 1284 4067 de
1302 4012 1313 4016 ’
1329 4021 1454 4085 quo
1496 4002 1779 4086 Heynius
1825 4003 1916 4068 sic
1957 4003 2264 4085 loquitur:
2326 4002 2502 4069 Glar-

399 4244 456 4311 4)
490 4244 647 4296 Haec
662 4244 1012 4297 Buttmannus
1046 4242 1250 4298 confert
1281 4249 1391 4296 non
1423 4245 1676 4311 ignorans
1710 4239 1864 4298 κύειν
1878 4249 2141 4298 recentius
2171 4260 2288 4297 esse
2315 4245 2499 4310 altero,

270 4326 329 4383 d'e
362 4345 466 4399 quo
504 4329 617 4382 dixi
649 4330 707 4380 in
739 4329 936 4384 Parall.
972 4327 1094 4383 556.
2498 4346 2503 4351 ·
