2946 4928
404 333 488 401 68
1169 330 1728 401 mssnn'rATro
1795 334 1903 403 vr„

407 472 610 564 traffit'
647 497 861 563 niohr.
909 497 1053 566 297.
1098 498 1200 578 20,
1245 499 1550 580 producto
1594 500 1696 566 vel
1737 490 1801 566 vi
1844 500 2042 565 orasis
2085 499 2187 565 vel
2229 498 2310 565 ab
2329 502 2515 578 :ort-1,
2562 499 2647 564 si-

407 601 662 683 quidem
706 620 746 666 a
787 601 1068 667 themate
1111 603 1646 684 macroparalecto
1678 604 2043 669 ‘derivatim
2087 606 2206 682 est,
2257 594 2420 684 quae
2465 601 2647 667 dubl·
2770 689 2793 705 κ

406 705 565 769 tatio
609 704 802 770 etiam
845 704 929 769 ad
973 705 1353 771 adiectivum
1397 700 1731 793 ἆροίπους
1774 707 1906 772 sive
1951 700 2303 792 ἅερσίπους
2350 704 2643 786 pertinet.

403 806 504 872 Ab
570 806 794 872 eadem
852 808 1058 889 stirpe
1126 807 1481 891 profectum
1548 814 1649 874 est
1706 804 2036 898 ἆερτᾶζω,
2104 825 2228 888 quo
2295 812 2646 890 etymorum

405 909 791 975 coniectores
834 914 1101 977 utuntur
1144 911 1228 976 ad
1270 904 1711 994 explicandum
1753 930 1982 977 nomen
2023 910 2342 999 Λαέρτης
2383 911 2503 977 hoc
2546 916 2649 978 est

400 1008 436 1079 ὁ
487 1014 657 1092 λᾶας
699 1009 899 1103 demo}
909 1014 1055 1096 ζων,
1123 1015 1293 1097 quod
1356 1021 1712 1081 memoratu
1764 1015 2091 1097 indignum
2142 1014 2457 1095 ducerem,
2485 1010 2492 1013 ’
2520 1014 2649 1081 nisi

350 1116 570 1197 ,idem
590 1113 901 1204 Λᾶρτιος
945 1118 1260 1199 diceretur
1302 1119 1647 1200 quasiper
1689 1118 2038 1198 misturam,
2084 1138 2140 1182 v.
2166 1118 2264 1183 ad.
2288 1117 2384 1199 Aj.
2406 1137 2461 1183 v.
2491 1122 2637 1182 1.-

336 1239 343 1248 ·
400 1219 460 1285 A
500 1224 675 1287 recto
721 1216 890 1306 δαήρ
905 1212 930 1298 ,’
996 1221 1166 1302 quod
1227 1238 1370 1285 cum
1413 1220 1692 1286 Homero
1736 1221 2082 1301 intercidit,
2152 1221 2501 1286 declinatus
2546 1228 2650 1288 est

398 1323 712 1406 genitivus
736 1322 1084 1406 bisyllahus
1109 1323 1368 1410 δαέρων
1388 1325 1455 1388 in
1477 1324 1786 1406 principio
1808 1322 2156 1389 hexametri
2177 1323 2250 1388 11.
2274 1323 2486 1389 XXIV
2499 1322 2643 1390 769.

405 1427 692 1509 —Alpha
703 1427 1119 1493 thematicum
1143 1445 1287 1493 cum
1311 1427 1509 1509 epsilo
1524 1427 1730 1493 clitico
1753 1426 2051 1493 coalescit
2071 1426 2135 1491 in
2146 1423 2453 1492 infinitivo
2465 1426 2644 1493 verbi

399 1530 693 1615 bisyllabi
721 1522 769 1596 ὅ
767 1558 811 1614 μ
820 1556 963 1597 εναι
987 1530 1246 1612 satiare,
1271 1532 1440 1613 quod
1449 1531 1826 1596 Eustathius
1837 1547 2172 1612 perperam
2197 1546 2505 1610 syncopae
2528 1528 2645 1593 tri-

395 1633 535 1700 buit
550 1632 1170 1719 [Path.1268,et384]
1186 1654 1201 1714 ;
1215 1634 1362 1699 huic
1373 1633 1562 1700 affine
1573 1634 1838 1701 verbum
1849 1631 2312 1716 dormiendi[ad
2322 1628 2560 1697 Buttm.
2575 1630 2643 1696 Π

400 1734 540 1817 124,
582 1738 813 1803 Techn.
831 1737 902 1823 4]
941 1754 1058 1820 pro
1103 1739 1292 1804 metri
1333 1740 1578 1804 ratione
1628 1738 1911 1804 variatur
1956 1734 2150 1804 νύκτα
2196 1736 2317 1819 μὲν
2350 1731 2641 1819 ἀέσαμεν

395 1844 461 1905 et
482 1837 651 1907 νύκτ’
682 1840 955 1931 ἄσαμεν,
979 1861 1035 1905 v.
1051 1841 1373 1907 Thiersch.
1398 1842 1453 1926 ἓ.
1487 1839 1626 1906 168.
1655 1846 1711 1907 3.
1730 1879 1801 1888 -
1832 1841 2076 1906 Nomen
2095 1838 2415 1921 participii
2437 1838 2639 1911 simile

395 1943 679 2031 φαέθων
698 1944 951 2025 apoetis
964 1942 1210 2008 Latinis
1221 1962 1670 2026 nonnunquam
1686 1944 1769 2008 ad
1787 1942 2167 2025 bisyllabum
2188 1940 2641 2025 reductumjest

394 2046 709 2128 scriptura
753 2046 988 2126 duplici
1030 2045 1313 2110 Phaet'on
1356 2052 1422 2112 et
1444 2046 1703 2127 Phaon,
1748 2066 1805 2111 v.
1831 2045 1998 2111 Cort.
2045 2046 2132 2110 ad·
2148 2044 2380 2111 Lucan.
2405 2045 2470 2110 H
2490 2043 2638 2110 413.

396 2146 639 2214 Cervae
682 2149 1009 2231 epitheton
1055 2150 1304 2235 aerz'pes
1347 2149 1687 2214 Diomedes
1730 2149 1822 2214 IV
1867 2146 2077 2215 5.166
2121 2147 2276 2231 (249
2298 2148 2396 2231 Ρ.)
2440 2150 2637 2214 inter-

389 2251 744 2333 pretatione
811 2252 973 2318 falsa
1036 2271 1151 2335 pro
1196 2254 1481 2336 exemplo
1525 2250 2047 2338 episynaloephe
2091 2249 2303 2332 affert,
2362 2270 2553 2334 quam
2600 2271 2640 2317 a

392 2354 773 2437 synaloephe
819 2356 1245 2438 distinguunt,
1313 2358 1477 2423 hanc
1504 2357 1700 2422 ‘enim
1756 2357 1973 2421 dieunt
2015 2356 2284 2419 duarum
2323 2355 2639 2420 vocalium

389 2457 860 2525 concursionem
873 2510 888 2540 ,
956 2464 1229 2541 quarum‘
1270 2460 1473 2526 altera
1516 2456 1772 2527 eliditur
1814 2464 1888 2525 ut
1930 2453 2116 2542 atqu'e
2161 2481 2235 2521 ea
2248 2507 2265 2541 ‚
2331 2459 2442 2524 illa
2483 2477 2651 2525 vero·
2761 2497 2768 2500 ,

388 2584 621 2643 „unam
664 2562 974 2648 syllabam
1018 2563 1186 2649 fieri
1223 2586 1302 2627 ex
1372 2562 1616 2626 duabu-9
1633 2609 1651 2643 ,
1721 2584 1914 2645 quum
1959 2560 2318 2648 aeripedem
2361 2561 2635 2646 quinque

387 2664 650 2750 syllabis
696 2663 901 2729 dicere
946 2665 1334 2729 debeamus&
1367 2703 1439 2712 —
1471 2663 1600 2729 Sed
1643 2664 1722 2728 de
1783 2664 1993 2731 verbis
2043 2664 2464 2730 adiiciendum
2531 2669 2640 2729 est

292 2786 310 2814 ⁸
386 2766 506 2834 hoc
551 2767 818 2852 amplius
836 2820 851 2849 ,
920 2787 1025 2850 ea,
1093 2788 1256 2852 quae
1323 2769 1513 2849 alpha
1567 2768 1759 2833 breve
1822 2767 1889 2831 in
1930 2768 2136 2849 prima
2178 2766 2483 2848 habeant,
2552 2767 2634 2833 ab

387 2872 580 2954 epicis
625 2873 692 2937 in
731 2871 1099 2955 imperfecto
1145 2891 1289 2938 cum
1333 2874 1375 2943 ἔ
1415 2870 1593 2937 finali
1634 2889 1761 2936 non
1803 2870 2089 2935 contrahi
2135 2862 2235 2949 ι’ίε,
2286 2867 2422 2946 λάε,
2473 2869 2633 2958 φάε,

387 2972 582 3062 ἔχραε
626 2980 773 3056 etc.,
831 2995 888 3046 v.
933 2975 1155 3041 Rhem.
1205 2974 1328 3041 165
1348 3011 1355 3017 ·
1375 2979 1442 3040 et
1490 2965 1630 3054 167,
1699 2974 1813 3038 sed
1856 2973 2239 3039 contrarium
2282 2972 2421 3039 fieri
2466 2975 2634 3039 deri-

384 3079 567 3158 vatis,
614 3097 777 3160 quae
820 3078 886 3143 in
929 3077 1144 3166 futuro
1188 3079 1471 3144 vocalem
1514 3077 1768 3157 longam
1812 3076 2155 3158 accipiunt:
2202 3074 2418 3163 ἐτίμα,
2466 3096 2633 3159 quae

384 3187 612 3263 poetae
658 3182 819 3264 epici
861 3200 1183 3269 nunquam
1225 3183 1292 3247 in
1334 3183 1650 3263 integrum
1671 3177 2018 3245 restituunt
2036 3198 2116 3244 ne
2138 3177 2352 3246 hiatus
2376 3180 2632 3263 quidem

381 3285 621 3352 vitandi
670 3286 894 3367 gratia,
940 3286 1175 3351 nedum
1221 3285 1486 3374 spondei
1528 3282 1831 3365 duplicati
1866 3283 1967 3348 vel
2009 3282 2339 3364 triplicati:
2385 3278 2629 3364 ἐτόλμα

379 3386 473 3455 ἑνὶ
502 3426 573 3436 —-
606 3387 722 3454 Od.
745 3387 961 3455 XXIV
989 3387 1128 3469 162,
1178 3387 1386 3477 φοίτα
1435 3383 1561 3453 ἇνὰ
1592 3424 1663 3433 —-
1693 3384 1951 3475 Il3XIII
1976 3383 2117 3466 760,
2165 3382 2429 3464 πάντας
2446 3381 2631 3453 ἐνίκα

379 3490 822 3575 Καδμείωνας
841 3492 1063 3556 XXIII
1088 3491 1214 3558 680
1242 3487 1715 3574 [Καδμεΐωνας
1736 3489 1965 3573 Bekk]
1989 3477 2138 3569 em,
2163 3493 2242 3553 et'
2259 3489 2350 3555 Sic
2370 3490 2438 3554 in
2459 3493 2648 3554 cete-⁷

378 3594 469 3660 riS
490 3592 789 3659 flexibus:
838 3587 1012 3660 αῧὸα
1061 3591 1165 3678 τ’)’τι
1211 3594 1530 3681 φρονέεις,
1577 3595 1896 3677 μνᾶσθαι,
1927 3588 2219 3679 ὁρᾶσθαι
2247 3597 2364 3658 etc.
2451 3592 2631 3657 Haec

377 3697 572 3779 igitur
618 3695 987 3763 affectorum
1030 3711 1260 3762 nomen
1283 3701 1594 3761 exuerunt
1626 3698 1790 3761 sicut
1809 3696 2063 3760 nomina
2084 3711 2332 3777 quoque
2354 3696 2420 3760 in
2444 3698 2531 3773 ’ᾱῖ
2559 3696 2628 3761 in

377 3799 550 3865 duali
590 3801 805 3884 posita
846 3801 1008 3887 κέρα
1055 3806 1120 3865 et
1165 3800 1220 3865 si
1264 3799 1418 3882 quid
1461 3800 1681 3864 simile.
1725 3836 1814 3845 —-—‡
1838 3799 1960 3864 Pro
2005 3797 2195 3880 alpha
2239 3799 2627 3865 consuetude

378 3904 723 3969 communis
774 3910 880 3969 eta
921 3904 1162 3986 recepit
1202 3889 1268 3967 in
1313 3908 1585 3984 quatuor
1626 3902 1866 3982 verbiS,
1927 3920 2088 3984 quae
2133 3902 2199 3966 in
2242 3901 2627 3984 compendiis

373 4012 835 4090 proponuntur}
918 4005 1037 4071 His
1080 4006 1338 4087 propria
1381 4010 1447 4071 et
1490 4015 1743 4070 meraca
1781 4005 1996 4071 Atthis
2041 4005 2458 4070 accumulavit
2499 4006 2627 4070 tria

375 4109 723 4175 abradendi
767 4114 834 4174 et
877 4108 1284 4191 abstergendi
1312 4108 1508 4175 verba
1538 4112 1713 4196 κνῇν,
1740 4112 1931 4197 σμῇν,
1958 4113 2118 4196 ψῇν,
2164 4127 2221 4173 v.
2242 4108 2329 4201 ad
2350 4108 2495 4173 Phr.
2521 4108 2623 4189 61,

370 4212 645 4289 Ellendt.
712 4213 875 4278 Lex:
911 4211 980 4278 T.
1025 4211 1091 4277 11
1133 4209 1278 4277 976.
1397 4212 1643 4278 Horum
1704 4213 1981 4293 primum
2048 4210 2216 4292 apud
2275 4211 2623 4277 Homerum

278 4389 289 4402 ·
367 4317 603 4398 legitur
644 4317 711 4385 in
754 4313 926 4384 exitu
968 4333 1189 4382 Versus
1215 4315 1289 4381 Il.
1312 4315 1406 4380 XI
1429 4312 1553 4381 639
1571 4305 1697 4383 ἐπὶ
1743 4310 1800 4382 δ’
1827 4310 2080 4401 αἴγειον
2102 4317 2217 4379 3ιίιίζ
2249 4311 2462 4403 τυρόν,
2505 4332 2622 4396 pro
