2946 4928
512 325 631 391 DE
677 323 1147 403 SYNAERESI
1161 374 1177 406 ,
1221 320 1632 392 DIAERESI
1678 326 1797 390 etc.
1862 322 1931 389 P.
1953 322 2004 389 Ι.
2050 320 2118 388 C.
2140 320 2223 388 II.
2415 320 2498 388 33

260 509 405 574 gum
456 508 600 582 esse
654 490 989 574 propriam.
1097 489 1513 573 Eandemque
1571 504 1714 554 esse
1765 504 2130 554 mensuram
2182 484 2369 570 ypsili
2434 485 2501 551 in

256 592 610 661 nominibus
674 594 915 677 primae
975 592 1414 659 declinationis
1459 592 1856 676 cognoscitur
1923 611 2000 657 ex
2044 589 2317 657 Charisii
2360 608 2499 657 ver-

259 696 357 763 bis
398 697 430 763 I
489 716 541 764 c.
586 699 627 764 2
681 717 743 780 p.
788 694 826 762 3
893 694 1002 778 „si
1062 695 1354 760 vocalem
1389 685 1629 768 brevem
1674 694 1957 781 sequitur
2010 696 2046 766 ε’
2087 694 2303 777 litera,
2370 693 2499 760 vice

260 800 665 880 consonancie
691 798 910 884 posita
946 810 1066 863 est:
1110 797 1469 885 Harpw’a“‚
1518 817 1641 880 quo
1686 799 1971 881 exemplo
2015 797 2212 865 ceteri
2254 814 2502 879 quoque

260 903 732 969 Institutionum
764 903 1315 984 grammaticarum
1348 908 1641 968 auctores
1684 906 1966 968 utuntur.
2018 901 2262 983 Hisque
2285 919 2501 966 assen-

260 1007 483 1074 tientes
526 1009 730 1091 ypsilo
774 1007 1042 1072 nominis
1070 1012 1234 1091 μυῖα
1279 1025 1406 1071 non
1447 1005 1744 1072 lineolam
1786 1005 2165 1090 imponimus
2187 1008 2261 1070 ut
2283 1003 2501 1070 Thier-

259 1110 461 1218 sciiius
509 1112 564 1197 §-
616 1110 714 1177 15.
759 1109 819 1191 2,
862 1111 980 1178 sed
1021 1111 1305 1177 lunulam
1348 1108 1680 1176 brevitatis
1724 1110 2011 1178 indicem.

1153 1432 1160 1446 ⁸
1225 1454 1396 1538 Cap.
1453 1455 1536 1521 11.
2040 1549 2044 1556 ἱ

807 1623 920 1698 De
972 1620 1456 1727 diphthongis
1506 1601 1988 1723 impropriis.

1031 1832 1739 1989 PROOEMIUM.

412 2029 972 2114 Diphthongorum
1045 2032 1234 2097 huius
1307 2033 1546 2098 ordinis
1610 2034 1893 2099 vocalem
1959 2032 2298 2101 secundam
2374 2052 2500 2099 non

252 2134 654 2215 pronunciari
706 2133 1001 2199 distincte
1059 2132 1334 2201 affirmat
1390 2134 1861 2203 Choeroboscus
1918 2136 2068 2204 Gan.
2142 2136 2282 2203 101.
2328 2136 2369 2202 8
2438 2133 2501 2205 οἱ

240 2236 366 2318 μὲν
407 2236 866 2363 γραμματικοὶ
912 2237 1286 2323 λέγουσιν(
1260 2236 1360 2305 ότι
1408 2240 1486 2305 τὸ
1533 2242 1577 2309 ἶ
1602 2238 1754 2307 τότε
1801 2236 1873 2307 εὖ
1878 2239 2171 2327 ρι’σκεται
2202 2234 2505 2365 ανεκφώᾷ

256 2362 466 2427 νητον,
535 2336 729 2425 ἡνίκα
776 2336 1028 2430 εὑρεθῆ
1083 2336 1127 2429 ἢ
1167 2343 1334 2426 μετὰ
1380 2350 1498 2409 τοῦ
1543 2347 1580 2413 ’ἆ
1624 2348 1882 2431 μακροῦ
1929 2337 1990 2430 ἢ
2013 2343 2181 2429 μετὰ
2229 2347 2346 2409 τοῦ
2390 2347 2423 2430 ἦ
2459 2337 2505 2431 ἢ

246 2445 369 2508 -τοῦ
405 2481 446 2515 ω
493 2440 575 2510 ἐν
618 2447 744 2535 μιᾷ
791 2445 1123 2534 συλλαβῆ·
1186 2471 1249 2515 οι
1296 2445 1370 2513 δὲ
1416 2445 1731 2530 μουσικοὶ
1776 2446 2080 2532 λέγουσιν
2138 2443 2240 2513 ότι
2291 2445 2499 2534 ἐκφω·

250 2550 446 2613 νεῖται
490 2546 657 2631 μέν,
717 2543 835 2614 οὐκ
879 2545 1257 2626 ἐξακούεται
1317 2549 1407 2619 δὲ
1437 2550 1551 2616 διὰ
1596 2549 1672 2615 τὸ
1716 2549 2013 2636 μέγεθος
2065 2553 2195 2615 τῶν
2234 2554 2500 2635 μακρῶν

253 2645 676 2738 φωνηέντων,
748 2654 814 2715 et
857 2639 1138 2717 Zonoras
1182 2650 1461 2719 *leviores
1528 2657 1818 2719 auctores
1865 2658 2171 2734 sequutus
2225 2673 2284 2735 p.
2336 2651 2500 2719 1765

253 2752 323 2818 τὸ
358 2758 408 2824 ,ἶ
450 2750 570 2819 ὅτε
631 2751 699 2819 ἐν
752 2756 877 2843 μιᾷ
933 2754 1230 2841 συλλαβῇ
1289 2751 1615 2843 φωνήεντι.
1682 2755 1974 2844 (μακρῷ)
2029 2752 2498 2840 ὑποτέτακται,

242 2854 619 2944 Αἐξαιρεῖται
677 2852 851 2935 ὅλως
906 2849 1044 2923 οἷον
1096 2854 1234 2936 ,ιιύα
1289 2858 1435 2942 (hoc
1480 2858 1801 2943 accentu),
1871 2855 2019 2939 ὑός,
2091 2856 2543 2946 πεποιηκέναι,-

257 2961 471 3033 umgas»
517 2957 636 3025 καὶ
682 2960 761 3024 τὰ
809 2956 1039 3042 ὅμοια·
1087 2954 1378 3048 ὁπηνίκα
1427 2962 1501 3029 δὲ
1547 2961 1614 3029 ἐν
1638 2963 1983 3048 συλλαβῶν
2007 2958 2332 3043 διαζεύξει
2359 2985 2501 3047 φω-

255 3059 458 3149 νήεντι
509 3061 786 3139 ἕπεται,
855 3052 1380 3149 γράφεταιιμὲν,
1454 3061 1533 3132 οὗ
1580 3070 2097 3153 συνεκφωνεῖται
2144 3065 2250 3133 δὲε
2317 3067 2503 3156 1(αὸ-

251 3169 458 3253 μῆδα,
511 3167 867 3256 Κωπᾷδα,
926 3170 1233 3255 Νηρῇόα.
1318 3167 1530 3232 Huius
1572 3170 1897 3251 praecepti
1938 3174 2188 3251 partem
2228 3169 2505 3250 priorem

255 3269 416 3334 ultro
459 3270 731 3334 missam
773 3266 1059 3335 facimus,
1146 3270 1311 3335 Nam
1357 3272 1434 3335 κ2,
1439 3270 1600 3352 αι’,ω
1645 3272 1813 3336 unde
1858 3272 1965 3336 ille
2010 3269 2188 3336 κλάω
2221 3271 2504 3336 Atticum

252 3370 485 3438 factum
526 3376 750 3454 putat
819 3370 1006 3453 alpha
1048 3372 1240 3438 breve
1284 3372 1507 3471 habet,
1573 3393 1630 3437 v.
1674 3373 1894 3439 Rhem.
1938 3392 1999 3454 p.
2050 3372 2156 3453 10,
2223 3368 2343 3449 υός
2398 3372 2505 3436 alii

254 3475 643 3556 primitivum
696 3492 836 3539 esse
881 3479 1201 3557 statuunt,
1268 3464 1412 3553 υιός
1456 3476 1785 3556 epenthesi
1829 3481 2100 3545 auctum.
2190 3473 2318 3543 Sed
2359 3474 2503 3556 plus

252 3580 550 3645 momenti
619 3580 687 3643 in
751 3578 1189 3660 sequentibus,
1280 3597 1548 3659 quorum
1609 3578 1901 3644 ultimum
1978 3584 2094 3661 pro
2161 3578 2502 3661 specimine
2564 3646 2568 3650 ,

260 3682 609 3764 synaeresis
655 3687 1015 3763 proponunt
1034 3682 1075 3747 J
1077 3683 1350 3764 osephus
1376 3681 1638 3765 Synops,
1662 3681 1807 3762 568,
1855 3682 2242 3764 Moschopul.
2272 3682 2501 3763 Opusc.

262 3799 310 3847 θ.
346 3784 402 3850 V
445 3785 562 3866 30,
631 3785 813 3866 isque
869 3783 1051 3849 addit
1111 3789 1220 3851 καὶ
1267 3782 1428 3851 όταν
1488 3786 1563 3851 τὸ
1613 3788 1861 3872 πλῆρες
1907 3787 2024 3872 τῆς
2069 3789 2329 3873 γραφῆς
2373 3808 2502 3872 φυ-

258 3883 594 3978 Mamm,
616 3883 1033 3974 φυλάττεται
1071 3887 1179 3954 καὶ
1203 3882 1243 3975 ἦ
1272 3885 1349 3955 δύ
1338 3913 1567 3972 ναμις,
1605 3887 1777 3955 ἐνδεῖ
1799 3885 1872 3953 δε
1892 3883 2099 3970 μόνον
2133 3882 2173 3975 ἦ
2199 3892 2328 3954 τῶν
2352 3889 2503 3954 συλ-

259 3988 474 4075 λαβών
499 3989 826 4115 ποσότης·
873 3993 1069 4056 τοῦτο
1118 3990 1191 4058 δὲ
1211 3988 1459 4076 γίνεται
1499 3988 1834 4075 ἒπὶμόνου
1857 3993 2028 4060 τοῦ
2034 3981 2263 4074 ,οκαὶ
2288 4015 2503 4078 προσ-

258 4089 586 4180 γράφεται
651 4095 746 4180 μὴ
815 4089 1339 4183 εκφωνούμενον.
1455 4094 1599 4160 Iota
1659 4111 1803 4159 cum
1856 4093 2058 4159 vocali
2114 4099 2505 4160 contractum

247 4209 376 4265 ‚non
419 4196 633 4261 audiri
683 4197 963 4279 quidem,
1033 4197 1147 4263 sed
1190 4202 1429 4272 ‘tamen>
1459 4195 1736 4263 adscribi
1775 4194 2175 4262 Herodianus
2229 4193 2505 4260 ostendit

259 4292 418 4365 Mon.
464 4319 526 4382 p.
580 4298 701 4366 '142
749 4299 876 4384 (40.
927 4301 1053 4386 16),
1098 4319 1293 4384 quum
1339 4302 1492 4368 dicit
1534 4302 1855 4369 nominum
1898 4298 2350 4385 bisyllaborum
2394 4312 2500 4375 ge-

217 4405 225 4415 ‘
356 4401 595 4450 lamech,
623 4402 773 4443 Pathol
818 4403 872 4444 11.
2051 4383 2088 4447 3
