2946 4928
894 313 1008 380 DE
1053 309 1458 380 APoooPE.
1549 311 1616 380 o,
1661 313 1775 381 111.
1823 317 1860 401 g
1906 314 1964 381 3.
2434 313 2560 390 295
2613 390 2615 393 Α
2732 395 2745 399 ,

314 476 714 544 Adiectivum
755 438 961 564 ἥιιισυ
1004 478 1452 560 compositione
1475 478 1789 560 corrumpi
1833 478 2186 560 complures
2225 480 2561 562 testantur,
2648 565 2651 566 ⁷

317 599 375 645 v.
439 578 621 644 Path.
665 579 698 644 I
754 577 910 660 366,
978 581 1092 646 sed
1157 575 1300 666 ἠμί
1362 581 1599 663 ipsum,
1664 599 1787 663 quo
1852 581 2302 664 Byzantiorum
2367 583 2563 665 aliqui

316 686 600 764 utuntur,
647 688 759 749 aut
799 682 1170 764 ignorarunt
1211 688 1325 748 aut
1368 685 1692 765 aspernati
1735 689 1901 750 sunt.
1959 749 1971 762 ,

1234 904 1496 1003 Caput
1535 905 1646 971 IV.

629 1029 743 1103 De
795 1053 1124 1133 apocope
1179 1027 1805 1101 indeclinabilium
1860 1027 2250 1125 syllabica.

455 1194 699 1272 Quum
740 1196 1076 1262 verborum
1116 1196 1461 1278 positiones
1504 1195 1746 1276 primae
1791 1232 1863 1272 ω,
1917 1232 2021 1274 μα
2037 1244 2054 1277 ,
2119 1233 2186 1281 μι
2236 1211 2562 1278 nunquam

315 1297 629 1377 labantur,
651 1299 974 1380 proximae
1018 1299 1102 1363 ad
1122 1296 1561 1363 disserendum
1585 1302 1735 1362 sunt
1772 1316 1909 1378 eae,
1953 1317 2115 1380 quae
2161 1295 2278 1363 sub
2303 1316 2562 1365 casuum

311 1400 626 1465 rationem
672 1420 797 1465 non
841 1402 1199 1479 succedunt.
1332 1400 1426 1464 De
1472 1398 1619 1464 adv
1633 1400 1800 1465 erb
1782 1419 1805 1465 1
1819 1420 1902 1466 or
1919 1420 2038 1466 um
2084 1402 2560 1469 detruncatione

312 1503 558 1584 primus
582 1504 1001 1586 suspicionem
1021 1503 1237 1569 intulit
1266 1497 1692 1582 AristarchuS,
1729 1503 1844 1568 sed
1864 1521 2088 1584 parum
2113 1505 2433 1586 persuasit
2465 1506 2559 1571 ττό

315 1600 635 1694 ἁμαρτῇ
677 1600 1103 1692 Ἀρίσταρχος
1149 1601 1507 1691 ἀποκοπὴν
1532 1596 1702 1669 εἶναι
1740 1602 2077 1686 βούλεται,
2127 1605 2233 1673 διὸ
2280 1607 2391 1673 καὶ
2434 1632 2560 1689 χω-

311 1707 420 1794 ρὶς
464 1712 582 1780 τοῦ
629 1712 657 1777 ἶ
714 1705 955 1795 γράφει
1003 1711 1193 1775 schol.
1238 1707 1310 1773 Il.
1354 1706 1511 1773 XXI
1560 1706 1700 1772 162.
1737 1703 2039 1796 ’Λμαρτῇ
2106 1702 2143 1773 ὃ
2213 1707 2334 1792 μὲν
2373 1703 2562 1797 Ἀρί·

313 1835 598 1898 σταρχος
642 1810 713 1878 ἐκ
756 1819 874 1878 τοῦ
920 1808 1304 1897 ἆμαρτήδην
1348 1810 1522 1893 λέγει
1578 1810 1745 1877 κατὰ
1812 1807 2147 1899 συγκοπήν
2212 1811 2387 1895 (Sic),
2455 1810 2562 1878 καὶ

314 1907 613 2006 ὀξύνεται
660 1909 956 1997 (ὅξύνει)·
1004 1908 1039 1977 ὁ
1081 1911 1163 1979 δὲ
1198 1908 1610 1996 Ἡρωδιανὸς
1653 1910 1725 1978 ἐκ
1768 1918 1887 1977 τοῦ
1914 1910 2053 1997 ἅμα
2078 1915 2191 1981 καὶ
2235 1918 2354 1979 τοῦ
2379 1910 2560 2000 ἆρτῶ

316 2016 464 2081 ΕΜ.
511 2016 612 2082 78.
658 2016 760 2082 21.
850 2015 979 2090 Gur
1021 2015 1125 2079 hic
1169 2015 1249 2080 ab
1273 2014 1644 2080 Aristarcho
1671 2014 1946 2095 recedat,
1991 2018 2302 2082 rationem
2322 2017 2562 2082 nullam

313 2118 512 2184 habet
551 2125 809 2201 praeter
874 2119 1224 2200 scripturae
1289 2117 1644 2183 tralaticiae
1709 2119 2176 2189 auctoritatem:
2247 2119 2562 2205 διελέγχει

309 2221 429 2287 τὸν
465 2216 891 2310 Ἀρίσταρχον
937 2215 976 2306 ἦ
1026 2217 1404 2306 παράδοσις
1455 2215 1699 2301 ἔχουσα
1745 2219 1821 2286 τὸ
1867 2223 1919 2289 ἶ
1968 2221 2159 2287 schol.
2198 2221 2239 2288 l.
2287 2241 2362 2300 c.,
2435 2241 2561 2305 quo

293 2314 567 2407 sgravius
612 2329 729 2405 est,
775 2324 943 2406 quod
965 2322 1267 2389 adverbia
1285 2374 1289 2377 .
1308 2322 1375 2386 in
1417 2325 1557 2405 ἧῖηῗι
1597 2339 1722 2387 non
1766 2340 1806 2387 a
1847 2323 2061 2388 verbis
2093 2325 2554 2407 perispomenis

309 2428 633 2511 oriuntur,
680 2427 793 2495 sed
838 2445 877 2491 a
919 2425 1272 2509 barytonis:
1318 2421 1591 2516 τμήδην,
1640 2421 1902 2512 κλήδην,
1953 2423 2337 2517 διαρῥήδην,
2383 2423 2559 2496 ὑπο-

303 2526 563 2618 βλήδην
609 2529 713 2614 [cf.
759 2531 842 2595 ad
883 2529 980 2594 Ai.
1025 2548 1079 2594 v.
1128 2526 1303 2613 915}
1351 2565 1423 2575 --
1475 2527 1796 2594 Adverbia
1838 2528 1904 2592 in
1946 2531 1998 2600 ἒῖ
2044 2532 2338 2597 exeuntia
2366 2531 2558 2597 Joan-

304 2653 450 2707 nes
472 2632 573 2699 36.
606 2632 689 2699 32
734 2634 918 2699 docet
959 2636 1072 2706 aut
1092 2636 1364 2714 oxytona
1408 2649 1549 2696 esse
1573 2636 1686 2696 aut
1705 2630 2030 2714 barytona,
2074 2634 2558 2715 perispomenon

305 2737 556 2803 nullum
598 2740 857 2818 praeter
921 2735 1130 2817 topica
1173 2733 1442 2800 Doricae
1511 2734 1764 2800 dialecti
1832 2741 2036 2821 τηνεῖ,
2108 2740 2348 2816 ‘com-ff,
2421 2743 2558 2820 πεῖ,

306 2835 519 2906 adtel-
566 2839 641 2904 τὸ
691 2838 764 2906 δὲ
810 2837 976 2904 ἐκεῖ
1020 2831 1507 2918 vinculatorum,
1556 2836 1903 2918 eodemque
1924 2835 2052 2902 fert
2071 2838 2388 2920 Apollonii
2417 2857 2559 2904 sen-

304 2941 515 3021 tentia*
555 2940 712 3007 Adv.
760 2938 903 3005 624.
955 2938 1032 3004 19
1080 2935 1220 3004 ἀπὸ
1268 2943 1387 3004 τοῦ
1453 2938 1678 3006 &news
1729 2932 1855 3006 ’καὶ
1922 2939 2134 3009 ἐκεῖσε
2194 2940 2318 3027 χρὴ
2369 2945 2559 3024 ,νοεῖν

308 3039 671 3129 ἀποκοπὴν
694 3047 1091 3130 γεγενῆσθαι
1137 3040 1252 3124 τὴν
1296 3039 1461 3120 ἐκεῖ.
1497 3040 1648 3107 ἐπεὶ
1690 3041 1801 3107 καὶ
1846 3041 1920 3106 τὸ
1969 3042 2038 3110 ἐν
2082 3039 2271 3130 τόπῳ
2314 3040 2558 3131 σημαί-

307 3171 408 3213 νει
456 3146 570 3211 καὶ
611 3141 705 3222 εἰς
748 3140 976 3210 τόπον.
1070 3144 1198 3210 Sed
1242 3143 1525 3225 suppetit
1564 3145 1730 3209 ratio
1788 3142 2157 3226 simplicior,
2226 3144 2360 3211 ἐκεῖ
2424 3144 2556 3211 sive

310 3253 417 3314 κεῖ
460 3247 809 3332 (Pathol.1
852 3245 964 3331 48)
1030 3247 1199 3313 idem
1265 3264 1406 3311 esse
1473 3264 1549 3311 ac
1592 3245 1891 3311 Doricum
1935 3251 2056 3322 τεῖ,
2125 3247 2293 3328 quod
2357 3246 2558 3312 critici

315 3350 649 3417 Theocrito
692 3348 1126 3430 restituerunt,
1172 3348 1442 3414 Ahrens.
1487 3347 1637 3415 Dor.
1684 3348 1826 3413 371.
1862 3385 1933 3396 —
1970 3348 2064 3412 Τὸ
2117 3344 2446 3415 πώποτε
2494 3347 2559 3416 οἱ

302 3479 427 3537 μεν
473 3448 614 3519 ἀπὸ
662 3454 780 3518 τοῦ
826 3446 1042 3516 πόθεν
1100 3447 1421 3538 ἀποκοπῇ
1480 3454 1605 3538 ’τῆς
1660 3454 1782 3523 ,9-δῖ
1836 3449 1947 3516 καὶ
2014 3445 2368 3517 ἐπεκτάσει
2435 3455 2556 3518 τοῦ

310 3592 379 3627 ου
424 3551 519 3634 εἷς
572 3572 637 3627 ω·
681 3580 742 3621 οι
784 3552 860 3621 δὲ
903 3547 1040 3618 ἀπὸ
1087 3555 1204 3618 τοῦ
1251 3556 1385 3618 ποῦ
1411 3553 1797 3641 συνδέσμου
1843 3553 2555 3639 παραπληρωματικοῦ

308 3684 482 3724 κατα
506 3657 761 3758 τροπὴν
778 3658 895 3743 τῆς
940 3691 1005 3726 ov
1028 3650 1124 3733 εἷς
1166 3676 1230 3725 ω·
1277 3651 1337 3721 οἱ
1358 3655 1484 3740 γὰρ
1510 3658 1798 3741 Δωριεῖς
1815 3657 1950 3737 βῶν
1970 3654 2175 3736 Epim.
2198 3652 2427 3720 Π398.
2451 3655 2553 3721 29·

308 3760 488 3826 Haec
530 3764 632 3825 est
672 3762 856 3823 vetus
899 3758 1107 3839 opinio
1173 3757 1254 3822 ab
1298 3757 1642 3838 Apollonio
1672 3756 2128 3838 proseminata:
2198 3755 2278 3821 τὰ
2346 3751 2555 3844 τῷ’““
2506 3794 2536 3828 0

307 3857 862 3986 napedpevciuuevoe
894 3859 1081 3945 παρὰ
1129 3863 1467 3944 Δωριεῦσι
1514 3863 1639 3923 τῶν
1682 3854 2156 3948 επιρῥημάτων
2195 3853 2554 3944 ἀπειράκις

308 3962 381 4031 ἐν
425 3958 750 4048 ἀποκοπῇ
794 3959 1037 4044 γίνεται
1083 3966 1202 4028 τοῦ
1245 3983 1350 4032 θεν
1392 3960 1502 4027 καὶ
1549 3987 1619 4026 εν
1661 3961 2024 4043 μεταθέσει
2070 3984 2187 4026 τοι
2241 3997 2270 4031 0
2326 3955 2423 4039 εἷς
2479 3981 2552 4031 ωε

309 4060 605 4131 αὐτόθεν
652 4060 851 4139 αὐτῶ,
897 4061 1217 4131 τουτόθεν
1258 4068 1491 4139 τουτῶ,
1543 4056 1762 4129 πόθεν
1808 4062 1915 4128 πῶ
1959 4062 2116 4127 Adv.
2165 4060 2317 4144 604,
2390 4081 2554 4146 quae

310 4168 567 4249 saepius
611 4166 860 4249 ingerit,
908 4164 1050 4230 622.
1089 4166 1208 4246 22,
1255 4163 1399 4230 598.
1445 4165 1503 4231 9.
1576 4164 1846 4231 ,Dorica
1908 4163 2021 4229 illa
2081 4170 2419 4246 praetereo
2489 4169 2556 4230 et

311 4270 514 4336 missa
556 4268 734 4335 facio.
826 4266 952 4334 Sed
996 4264 1107 4334 πώ
1152 4267 1716 4333 orthotonumenon
1759 4272 1826 4333 ot
1868 4267 2223 4334 encliticum
2265 4264 2388 4330 huc
2451 4280 2553 4332 re·
