2946 4928
524 300 654 368 352
953 299 1070 367 DE
1114 298 1838 369 ORTHOGRAPHIAE
1883 296 2281 377 GRAECAE
2394 288 2401 293 ’

524 464 978 533 ΑοεοΙιῈωιι.
1023 461 1149 530 566

615 603 699 614 -—
745 605 818 617 —-·
876 604 954 616 -—
1002 565 1140 633 ἐστὶ
1186 563 1311 655 γὰρ
1358 563 1618 650 δόμων

614 667 832 759 ἱκέτης
876 665 977 736 δ’δ’
1026 668 1190 759 ἀνὴρ
1235 668 1347 747 καὶ
1393 665 1655 753 δόμων
1699 665 2026 756 ἐφέστιος.

526 772 679 839 Eur.
722 771 874 837 Hec.
921 769 1046 836 526

613 871 938 963 σκίρτημα
981 870 1236 958 μόσχου
1279 877 1401 961 σῆς
1443 873 1845 953 καθέξοντες
1886 876 2147 959 χεροῖν

615 976 932 1058 ἕσποντο,
980 977 1235 1064 πλῆρες
1279 973 1339 1044 δ’
1388 973 1457 1044 ἐν
1498 981 1761 1065 χεροῖν
1805 976 2026 1058 λαβὼν
2072 973 2285 1052 δέπας

615 1076 994 1169 πάγχρυσον
1039 1079 1217 1168 ἔρῥει
1260 1079 1470 1167 χειρὶ
1516 1086 1679 1157 παῖς
1717 1074 2073 1162 Ἀχιλλέως.

528 1190 596 1250 et
635 1183 896 1266 paulum
940 1183 1244 1249 dissimile
1289 1182 1478 1266 Soph.
1524 1181 1622 1247 Ai.
1672 1180 1831 1246 1071

615 1289 811 1352 κακοῦ
859 1285 1026 1375 πρὸς
1071 1281 1354 1374 ἀνδρός
1397 1283 1575 1353 ἐστιν
1621 1276 1867 1372 ἷίνδρα
1915 1277 2207 1371 δημότην

610 1387 836 1478 μηδὲν.
866 1391 1165 1456 δικαιοῦν
1209 1425 1290 1437 -
1317 1439 1332 1453 .

526 1492 660 1559 Nec
705 1492 906 1557 solum
949 1497 1175 1573 poetae
1222 1491 1335 1556 sed
1379 1489 1574 1556 etiam
1616 1489 2059 1571 Theopompus
2099 1487 2334 1569 alioqui
2376 1487 2643 1552 nimiam
2691 1489 2746 1563 ut

526 1594 948 1673 Quintilianus
993 1595 1085 1659 ait
1124 1594 1219 1659 IX
1263 1592 1322 1658 4.
1368 1593 1449 1660 35
1496 1592 1796 1658 Isocratis
1863 1591 2346 1657 sollicitudinem
2411 1590 2745 1656 aemulatus

524 1717 752 1764 nomen
774 1698 966 1763 iterat
997 1696 1168 1778 apud
1189 1696 1415 1762 Athen.
1438 1694 1532 1761 VI
1551 1694 1679 1760 232
1702 1695 1760 1760 A
1783 1694 2176 1783 πέμψαντες
2196 1690 2484 1779 ,εἷςζθεὸν
2511 1689 2747 1780 ἐπηρώ-

525 1826 655 1867 των
700 1798 815 1866 τὸν
859 1796 1048 1882 θεόν,
1095 1804 1162 1866 et
1206 1798 1416 1865 Strab.
1461 1798 1554 1866 IV
1597 1797 1657 1864 4.
1707 1795 1828 1864 199
1871 1796 2041 1882 μετὰ
2089 1795 2168 1862 τὰ
2213 1795 2543 1879 λεχθέντα
2599 1795 2741 1882 ἔθνη

524 1902 605 1969 τὰ
653 1902 862 1969 λοιπὰ
910 1906 1038 1968 τῶν
1089 1888 1348 1986 Βελγῶν
1394 1900 1570 1968 ἐστιν
1615 1899 1812 1991 ἔθνη,
1882 1907 1948 1967 et
1992 1900 2245 1982 saepius
2290 1899 2557 1964 mutatis
2612 1896 2746 1962 easi-

526 2005 675 2070 bus:
724 2001 786 2070 οἶ
839 2006 1070 2091 Μῆδοι
1115 2005 1447 2091 παρῆσαν,
1494 1994 1536 2069 ἃ
1581 2002 1704 2086 μὲν
1751 1999 1813 2069 οἱ
1855 2000 2059 2090 μάγοι
2106 2002 2368 2092 ἔφασαν
2413 2005 2560 2079 τοῖς
2581 2003 2746 2074 θεοῖς

523 2106 785 2187 ἐξελεῖν,
832 2102 1203 2184 ἀποδόντες
1247 2096 1413 2183 τοῖς
1428 2100 1671 2190 μάγοις
1690 2105 1850 2171 Xen.
1876 2103 2015 2189 Cyr.
2039 2106 2132 2172 IV
2175 2103 2234 2170 6.
2284 2103 2380 2185 11,
2429 2097 2464 2169 ὅ
2519 2101 2747 2170 ἐλάττω

526 2200 810 2277 τουτουὶ
837 2204 1089 2294 ἀγῶνος
1134 2208 1353 2294 ἆγῶνα
1401 2203 1881 2293 ἀγωνιζόμενος
1934 2208 2093 2273 Plat.
2136 2207 2317 2291 Apol.
2363 2203 2447 2270 34
2495 2206 2568 2282 C,
2630 2229 2748 2269 κοι-

524 2309 993 2396 νοποιούμενοι
1038 2311 1153 2399 τὴν
1199 2305 1521 2377 ἀποικίαν
1564 2314 1656 2399 τῷ
1699 2314 1981 2394 μετέχειν
2021 2312 2402 2397 βουλομένῳ
2467 2314 2594 2396 τῆς
2637 2301 2768 2391 ἇπῇ

525 2412 744 2495 οικίας
786 2414 969 2482 Diod.
1014 2414 1142 2480 XII
1184 2413 1287 2496 28,
1334 2412 1401 2492 ές
1444 2411 1559 2501 τὴν
1602 2408 1962 2481 θάλασσάν
2007 2412 2182 2481 ἐστιν
2230 2405 2472 2498 όῖβατον
2508 2407 2755 2499 ἀγριαι-

525 2516 771 2606 νούσης
794 2521 905 2607 τῆς
931 2514 1284 2599 θαλάσσης
1306 2516 1549 2583 Aelian.
1574 2515 1737 2582 Hist.
1764 2517 1880 2582 An.
1903 2517 1936 2582 Ι
1959 2516 2035 2582 41
2086 2537 2145 2599 p.
2172 2515 2274 2598 45,
2322 2517 2501 2582 euius
2526 2510 2757 2597 generis

522 2622 723 2687 multa
754 2621 1006 2703 collegit
1039 2620 1395 2687 Ellendtius
1429 2620 1513 2685 ad
1545 2619 1792 2684 Arrian.
1825 2619 1858 2693 I
1903 2619 1997 2685 11.
2031 2619 2091 2701 8,
2139 2626 2206 2686 et
2238 2621 2347 2701 qui
2382 2620 2460 2685 ab
2495 2620 2620 2686 hoe
2660 2634 2757 2681 no-

449 2719 461 2727 “
522 2723 1225 2807 minantur*).-Modo
1250 2724 1443 2788 etiam
1488 2721 2028 2788 vocabulorum
2072 2723 2568 2788 diversorum
2613 2719 2756 2786 exi-

523 2832 648 2893 tus
685 2828 886 2893 inter
932 2846 1007 2892 se
1054 2831 1600 2908 congruentesz-
1636 2820 2005 2912 ἀκροτάτης
2048 2830 2344 2914 κορυφῆς
2391 2822 2758 2892 πολυπίδα-

527 2922 849 3019 κος”Ῑδης
891 2929 1161 3001 ΗΚΧΙΣΤ
1211 2927 1359 3010 157,
1430 2923 1758 3015 ἡμετέρας
1801 2925 2108 3017 Χάριτος
2169 2928 2467 3006 πετάσας
2514 2928 2756 2993 Theocr.

520 3032 676 3097 XVI
720 3030 778 3113 6,
826 3026 1126 3118 ἀδελφὰς
1172 3027 1371 3098 τάσδε
1439 3032 1558 3110 τὰς
1601 3029 1765 3116 ἐμὰς
1806 3030 2006 3117 χέρας
2051 3031 2204 3098 Oed.
2254 3032 2323 3098 T.
2376 3029 2587 3112 1481,
2655 3021 2754 3094 οὖ-

529 3133 663 3212 δεὶς
707 3128 786 3199 ἷίν
829 3134 1095 3220 γένοιτο,
1142 3130 1231 3212 ὦς
1276 3131 1572 3213 δείξειεν,
1621 3130 1831 3210 οὕτως
1865 3130 2322 3217 ἀδαμάντινος,
2332 3169 2339 3176 -
2367 3124 2444 3199 ὃν
2490 3129 2576 3199 ἷὶν
2619 3128 2745 3214 μεί·

526 3263 695 3304 νειεν
738 3273 822 3283 -
868 3236 978 3303 καὶ
1023 3233 1402 3322 τολμήσειεν
1438 3231 1814 3319 ἀπέχεσθαι
1853 3235 2278 3302 Plat.Civ.11
2321 3235 2549 3317 36013,
2601 3231 2754 3301 ἀπο-

525 3338 797 3407 κτείνειε
843 3334 977 3407 δ”
951 3365 1030 3406 αν
1074 3365 1114 3425 η
1159 3333 1524 3418 ἔξελόσειεν
1568 3334 1613 3427 ἢ
1657 3334 2035 3426 ἀτιμήσειεν
2061 3339 2241 3421 Apol.
2288 3338 2373 3405 30
2424 3339 2501 3422 Ι),
2553 3336 2752 3413 ὅπως,

526 3465 607 3508 ου
653 3437 731 3507 ἂν
777 3438 1069 3521 λάθωσι,
1117 3441 1323 3509 πλέον
1367 3440 1631 3525 ἔχωσιν,
1698 3437 1778 3529 ἢν
1850 3443 1924 3509 δέ
1970 3439 2105 3510 πού
2149 3468 2215 3509 τι
2247 3439 2745 3559 προσλάβωσιν,

527 3539 1004 3625 ἀναισχυντῶσι
1050 3543 1241 3614 Thuc.
1284 3544 1318 3609 1
1361 3544 1461 3611 37.
1512 3545 1576 3624 4,
1630 3542 1857 3624 quibus
1903 3545 2100 3610 multo
2143 3545 2490 3627 insigniora
2533 3560 2743 3626 propo—

661 3852 720 3920 *)
755 3853 921 3907 Acin..-
957 3850 1083 3920 ,,τὴν
1120 3853 1401 3923 θυγατέρα
1441 3885 1497 3899 -·
1540 3850 1814 3923 ἀφανίσαι
1858 3848 2057 3920 ταύτην
2107 3853 2204 3905 καὶ
2240 3881 2301 3891 -
2339 3854 2505 3928 ῥῖψαι
2560 3848 2743 3919 ταίην

522 3941 679 3996 Diod.
713 3943 781 3995 lv
820 3938 938 4007 106,
970 3941 1245 4010 μιχθέντα
1282 3935 1445 4012 ταύτῃ
1477 3941 1523 3993 V
1559 3938 1662 3994 373
1696 3942 1850 3994 abest
1882 3958 1917 3993 a
1951 3941 2124 4003 codd..
2158 3939 2250 4006 τῆς
2277 3937 2511 4007 Ἀθηνᾶς
2538 3973 2593 3983 -
2619 3938 2742 3992 ἀπο·

524 4043 627 4095 φαι
633 4028 867 4095 νομένης
902 4021 1202 4089 ἀπιστήσας
1233 4019 1398 4098 ταύτῃ
1432 4026 1501 4077 IV
1538 4023 1660 4091 100,
1696 4022 1793 4080 τὸν
1826 4017 1968 4096 γοῦν
2004 4029 2233 4099 πατέρα,
2287 4022 2370 4079 ὅτι
2408 4053 2471 4066 --
2505 4024 2746 4093 ἐξέβαλεν

526 4106 693 4164 αὐτόν
727 4112 879 4166 Dem.
914 4128 964 4167 e.
999 4112 1200 4165 eonon.
1237 4106 1491 4165 12641301
1493 4109 1578 4167 sk.
1612 4107 1782 4167 αὐτόν
1813 4115 2062 4179 excludit,
2084 4107 2504 4179 ἀποστήσαντες
2522 4108 2740 4166 αὐτὸν-

524 4194 831 4264 ἐζημίωσαν
866 4192 1034 4250 αὐτόν
1066 4199 1225 4253 Diod.
1260 4199 1350 4250 ΧΠ
1382 4193 1804 4318 95,101.'1q›·pro
1841 4197 1987 4268 αὐτῷ
2022 4201 2111 4251 Xll
2120 4199 2190 4255 51
2229 4217 2391 4268 saep„
2427 4195 2628 4267 ταύτην
2657 4212 2740 4265 pro

527 4277 696 4349 αὐτήν
729 4265 1004 4335 Heliod.1
1039 4280 1159 4336 33.“
2430 4318 2436 4321 -
