2946 4928
582 354 697 422 DE
740 353 1534 425 PaosanMAnsMO.
1623 357 1692 424 P.
1715 356 1830 425 111.
1877 355 2050 423 o.11.
2098 357 2153 442 ἓ.
2177 334 2237 421 4.
2411 354 2538 423 245

290 521 432 587 sine
456 518 646 586 dubio
669 537 813 585 cum
844 515 983 606 δήν
1028 527 1361 603 cognatum
1389 525 1507 601 est,
1533 522 1647 588 sed
1669 518 1907 610 δηνθοῖ,
1931 521 2097 586 unde
2120 520 2265 587 EM.
2289 517 2433 586 263.
2457 519 2540 586 27

287 622 411 688 hoc
451 626 673 688 natum
729 622 883 689 dicit
948 617 1236 711 ἀποβολῇ
1304 630 1426 691 τοῦ
1486 627 1541 707 ἦ
1605 625 1939 691 commenti
2005 624 2226 691 simile.
2303 659 2370 669 —
2443 623 2542 690 De

288 725 571 808 epectasi
594 725 1045 791 coniunctionis
1080 751 1110 792 ε
1124 722 1260 792 ἴθε
1296 727 1429 792 sive
1460 753 1503 792 α
1516 723 1655 795 ἴθε
1679 746 1820 794 cum
1842 728 2171 810 Apollonio
2192 728 2378 793 Pron.
2414 726 2534 792 118

290 827 607 895 consentit
648 828 1049 894 Herodianus
1103 829 1271 897 Mon.
1317 828 1417 895 27.
1443 882 1448 885 .
1472 831 1548 896 12
1618 834 1686 896 et
1728 830 2202 896 Choeroboscus
2269 831 2349 896 de
2395 830 2539 897 Acc.

289 929 438 998 427.
467 932 569 1011 22,
602 930 791 1013 idque
836 930 1103 1004 Homeri
1147 936 1214 997 et
1238 931 1583 1015 Sophronis
1607 934 1912 1015 exemplis
1935 931 2264 1000 confirmat
2283 932 2534 998 Plutar-

294 1033 453 1101 chus
496 1034 576 1099 de
619 1031 704 1100 Εἷ
749 1033 975 1116 Delph.
1033 1052 1083 1098 c.
1128 1035 1188 1101 V
1231 1034 1360 1101 386
1402 1036 1492 1117 D,
1558 1054 1763 1119 neque
1819 1037 1943 1102 alio
1997 1035 2123 1103 fert
2164 1035 2538 1101 Buttmanni

195 1228 200 1229 .
288 1137 608 1203 sententia
652 1136 688 1221 ξ
740 1135 825 1200 11.
863 1137 1005 1203 adn.
1051 1136 1091 1202 3
1135 1143 1263 1205 not.
1352 1139 1642 1205 Klotzius
1685 1157 1836 1205 vero
1883 1138 1966 1204 ad
2009 1137 2238 1204 Devar.
2283 1137 2408 1204 515
2449 1157 2538 1222 sq.

289 1258 418 1306 non
455 1239 719 1321 simplex
762 1256 910 1304 esse
948 1241 1200 1322 statffit,
1269 1241 1383 1307 sed
1427 1244 1827 1308 coniunctum
1878 1260 2021 1307 cum
2064 1241 2351 1307 enclitico
2407 1238 2540 1329 θήν

290 1342 379 1409 ad
421 1339 893 1425 significandam
936 1345 1214 1424 optantis
1258 1342 1582 1425 fiduciam;
1626 1346 1730 1410 cui
1771 1343 1984 1410 obstat
2026 1342 2185 1408 illud
2226 1343 2541 1426 Apollonii

287 1450 697 1528 praeceptum
740 1439 1060 1511 ἀδύνατον
1104 1445 1436 1533 ἔγκλιτικὰ
1483 1443 1962 1525 συντίθεσθαι,
2021 1465 2099 1512 ex
2157 1465 2281 1528 quo
2324 1447 2536 1529 potius

291 1544 368 1615 εἷ’
404 1555 489 1616 θε
532 1547 934 1615 scribendum
968 1553 1140 1614 esset
1179 1554 1255 1614 ut
1297 1542 1374 1616 οὔ
1416 1554 1572 1637 θην,
1616 1541 1661 1636 ἦ
1706 1553 1862 1638 θην,
1904 1547 2028 1613 nisi
2057 1546 2221 1614 forte
2242 1538 2539 1632 putamus

288 1652 667 1734 particulam
695 1645 824 1738 θήν
868 1651 1102 1717 amissa
1145 1653 1401 1734 propria
1443 1652 1508 1717 vi
1531 1652 1865 1735 specieque
1910 1668 2053 1717 cum
2076 1651 2280 1717 altera
2304 1651 2539 1718 arctius

290 1754 604 1822 coaluisse
667 1751 802 1821 fere
866 1758 940 1820 ut
1004 1753 1226 1840 ἔγωγε.
1338 1752 1464 1820 Sed
1531 1756 1740 1841 δῆθεν
1784 1773 2036 1837 quoque
2079 1753 2369 1820 Klotzius
2412 1752 2541 1820 434

289 1875 434 1922 cum
476 1855 834 1939 Hartungio
898 1875 975 1921 ex
1020 1858 1265 1923 duabus
1324 1857 1862 1925 coniunctionibus
1919 1853 2000 1944 δή
2067 1862 2134 1922 et
2186 1858 2257 1928 ἔξ
2320 1856 2390 1922 id
2441 1864 2542 1924 est

289 1956 427 2047 θήν
471 1959 886 2042 compositum
929 1965 1131 2043 putat.
1202 1998 1273 2008 —
1340 1958 1519 2025 Inter
1564 1954 1787 2046 δήπου
1841 1964 1908 2026 et
1952 1954 2381 2046 δήπουθεν
2435 1960 2540 2025 vix

290 2063 518 2130 sentiri
560 2066 775 2145 potest
816 2063 968 2143 quid
1010 2064 1295 2144 intersit3
1342 2064 1455 2130 sed
1480 2063 1933 2146 glossographi,
1978 2062 2089 2145 qui
2115 2061 2235 2129 hoc
2265 2060 2338 2128 ἔκ
2361 2086 2541 2142 τινος

288 2164 512 2234 τόπου
553 2166 1083 2248 interpretantur,
1149 2186 1275 2233 non
1330 2167 1657 2233 dubitasse
1712 2167 2032 2246 videntur,
2101 2166 2254 2248 quin
2298 2165 2542 2249 syllaba

286 2272 397 2342 ’.ζεῖ
435 2269 607 2336 idem
650 2266 961 2351 significet
1024 2286 1099 2336 ac
1139 2270 1526 2353 praepositio
1571 2268 1644 2349 ἐξ
1653 2318 1669 2350 ,
1734 2288 1925 2353 quam
1980 2287 2187 2335 sermo
2245 2269 2539 2336 incultior

290 2391 440 2439 cum
484 2371 783 2438 adverbio
824 2371 1010 2444 locali
1054 2373 1374 2455 copulavit
1416 2372 1490 2440 ἐκ
1537 2376 1673 2440 ποῦ
1698 2370 1834 2452 σιὰ,
1858 2390 1937 2437 1v.
1960 2371 2262 2440 Pathol.1
2284 2371 2430 2439 610.
2459 2384 2530 2423 --’

234 2561 249 2572 ·
283 2475 841 2544 Proschematistis
886 2475 1256 2559 Apollonius
1298 2477 1456 2544 Adv.
1504 2475 1650 2557 597,
1696 2475 1880 2543 Pron.
1917 2474 2003 2541 84
2049 2476 2267 2543 adiicit
2307 2495 2534 2559 prono·

287 2581 465 2648 mina
526 2575 858 2664 ἐμέθεν,
922 2579 1194 2657 σέθεν,
1266 2578 1487 2662 ἕθεν,
1564 2598 1730 2663 quae
1797 2598 1874 2645 ex
1939 2579 2232 2661 genitivis
2299 2579 2535 2648 ‚Ionicis

285 2683 543 2767 prolata
570 2687 775 2766 putat,
819 2681 1220 2750 Herodianus
1263 2702 1413 2750 vero
1458 2679 1531 2751 ἐκ
1574 2687 1688 2751 τοῦ
1735 2683 1866 2767 ἐμέ,
1908 2684 1999 2765 σέ,
2048 2682 2089 2750 ἕ
2103 2682 2310 2766 Epim.
2333 2682 2534 2764 1142,

284 2786 434 2853 EM.
484 2784 623 2853 124.
673 2784 770 2851 18.
858 2784 1070 2868 Atque
1119 2786 1237 2853 hoc
1279 2787 1640 2855 Priscianus
1686 2788 2091 2870 amplectitur
2121 2785 2285 2852 XIII
2315 2787 2374 2852 2.
2409 2785 2529 2853 561

289 2890 363 2956 Τ.
407 2887 475 2954 11
518 2886 717 2971 (1006
746 2888 846 2973 Ρ.)
889 2886 1136 2952 Graeci
1173 2888 1440 2974 ἐμέθεν,
1488 2891 1709 2969 σέθεν,
1756 2889 1919 2958 ἕθεν
1963 2889 2355 2954 accusativos
2399 2912 2538 2954 cum

276 2988 636 3056 advectione
662 2991 1070 3078 prqferemcs
1125 2993 1258 3057 loco
1299 2993 1570 3080 qenitivi
1607 2993 1929 3079 accipiunt
1974 3013 2232 3077 eumque
2275 2991 2536 3077 quidam

287 3116 371 3158 σω
432 3092 596 3180 ipsis
662 3106 905 3159 sextum
971 3118 1185 3159 casum
1249 3096 1722 3178 existimarunt,
1791 3097 2137 3179 similisque
2193 3094 2535 3176 anadrome

287 3198 568 3264 cernitur
608 3196 1012 3265 inreflexivis
1056 3205 1355 3281 σεαυτοῖ,
1404 3195 1643 3288 ἑαυτῷ,
1670 3196 1938 3268 ἑαυτῶν.
1971 3197 2281 3265 —Inhoo
2300 3199 2536 3263 utrius-

293 3317 420 3384 que
463 3305 784 3368 certamen
836 3320 963 3367 non
1016 3320 1117 3369 me
1176 3302 1466 3382 demitt03
1536 3303 1651 3368 sed
1717 3303 1795 3369 de
1841 3300 2157 3368 adverbiis
2203 3300 2535 3366 dicendum

288 3406 411 3483 est,
458 3421 622 3486 quae
665 3402 921 3470 illorum
966 3405 1130 3470 alter
1174 3406 1417 3487 pariter
1462 3423 1538 3470 ac
1579 3405 1950 3487 pronomina
1993 3423 2033 3469 a
2055 3401 2347 3486 genitivis
2390 3420 2533 3485 pro-

279 3499 482 3572 ducta
538 3510 680 3572 e‘sse
745 3507 882 3573 vult
923 3512 1218 3582 manente
1263 3505 1752 3591 significatione3
1821 3524 2017 3588 quare
2085 3504 2326 3594 confert
2391 3525 2535 3573 cum

285 3604 599 3696 ἐγγύθεν,
676 3607 997 3694 σχεδόθεν
1056 3611 1325 3695 aliisque
1388 3611 1849 3694 primitivorum
1912 3609 2047 3674 loco
2110 3612 2260 3693 poni
2286 3611 2535 3706 solitis.

287 3711 471 3779 Illius
514 3716 729 3780 tamen
772 3714 1022 3797 generis
1066 3732 1263 3779 unum
1305 3719 1557 3781 tantum
1581 3695 1955 3796 'exemplum
1995 3711 2255 3794 profert,
2299 3713 2534 3777 Home-

284 3816 488 3882 ricum
541 3815 702 3882 illud
739 3809 1010 3905 ’Ίδηθεν
1061 3817 1313 3900 μεδέων
1372 3854 1445 3864 -
1511 3812 1590 3884 οὗ
1646 3816 1769 3903 γὰρ
1825 3808 1987 3881 ἷίλλο
2043 3814 2219 3882 ἐστὶν
2276 3806 2537 3903 ἢἼδης

281 3919 573 4005 μεδέων,
649 3938 773 4002 quo
838 3920 988 4002 ipso'
1033 3919 1303 3997 Quintus
1357 3921 1561 3988 utitur
1602 3919 1697 3986 IX
1739 3917 1780 3986 9
1846 3924 1913 3985 et
1967 3918 2158 3985 simili
2199 3911 2534 4004 Δωδώνης

278 4023 533 4108 μεδέων
596 4021 913 4089 Homerus
985 4024 1140 4104 ipse.
1239 4023 1406 4090 Huic
1446 4023 1851 4089 Hermannus
1898 4019 2282 4102 suffragatur
2337 4016 2533 4100 praef.

282 4126 498 4208 Antig.
543 4123 760 4205 XVII;
832 4125 1176 4208 simplicius
1236 4144 1385 4192 vero
1441 4127 1550 4191 alii
1593 4132 1877 4193 veterum
1920 4126 2431 4208 interpretantur
2464 4116 2539 4200 ἐξ

139 4297 144 4304 ,
268 4223 456 4317 ’Ίδης
500 4224 938 4307 awannam,
1007 4227 1198 4310 idque
1254 4225 1628 4294 confirmant
1685 4230 1808 4295 alio
1849 4229 1986 4296 loco
2029 4228 2104 4292 ΙΙ.
2151 4225 2363 4290 XXIV
2407 4222 2536 4289 290

283 4325 481 4416 εἷῖχευ
524 4329 886 4418 Κρονίωνι,
946 4327 1018 4411 ὅς
1061 4354 1133 4398 τε
1184 4329 1429 4420 Τροίην
1485 4328 1653 4413 κατὰ
1697 4335 1916 4401 πᾶσαν
1969 4330 2222 4417 ὁρᾶται.
2316 4326 2534 4400 Thier-
