2946 4928
396 305 487 374 82
702 355 709 360 -
788 361 799 366 -
1162 302 1719 373 DISSERTATIO
1768 302 1878 371 vl.

400 471 728 550 acceptum
794 484 954 533 esse.
1023 505 1096 516 —
1163 467 1460 538 Eundem
1524 467 1847 533 modulum
1919 466 2116 531 habet
2151 464 2351 532 'venii
2414 479 2650 530 nomen

401 569 661 658 Βορέης
704 570 813 635 καὶ
859 571 1172 658 Ζέφυρος
1213 569 1470 637 versum'
1511 570 1810 636 inchoans
1853 570 1948 635 IX
1991 569 2050 634 5.
2137 568 2266 633 Hie
2281 565 2652 635 Dindorfius

400 672 600 737 edidit
642 671 906 760 Βοῤῥῆς
968 672 1295 762 Herodoto
1334 671 1664 752 familiare,
1724 692 1781 736 v.
1825 671 2092 737 Bredov.
2139 671 2285 751 217,
2354 670 2468 736 sed
2508 671 2646 736 vul-

401 779 620 857 gatum
665 775 952 855 sequitur
992 774 1136 840 ΕΜ.
1180 774 1326 840 436.
1373 775 1456 841 37
1526 770 1618 854 ὡς
1664 769 1912 857 <ῙΞΙρέεινς
1949 770 2156 861 ιΗριῖἰς
2200 774 2365 840 κατὰ
2422 773 2647 841 συναί-

396 899 598 963 peon,
670 874 844 943 οὕτω
910 881 1154 963 βορέας
1199 882 1406 965 βορᾶς
1450 878 1562 944 καὶ
1609 880 1999 961 πλεονασμῷ
2045 882 2163 942 τοῦ
2209 882 2241 966 ζ)
2297 877 2553 965 βορῥᾶἕς
2572 877 2645 960 ²),

397 996 522 1061 quo
568 997 776 1045 sermo
818 979 996 1045 iuxta
1039 998 1183 1046 cum
1210 981 1455 1067 βορέας
1482 982 1699 1046 utitur.
1773 979 1988 1045 Unum
2029 999 2263 1060 eorum,
2310 997 2473 1062 quae
2501 984 2651 1061 post

398 1081 744 1148 Homerum
787 1082 1251 1162 increbuerunt,
1295 1082 1481 1149 affert
1525 1082 1668 1148 265.
1709 1083 1787 1150 12
1836 1078 1974 1149 ἀπὸ
2021 1088 2139 1149 τοῦ
2183 1083 2505 1170 Δημέας
2548 1080 2650 1167 γί--

396 1197 575 1253 νεῖαι
600 1181 887 1272 Δημεά
910 1188 1050 1273 δης
1094 1186 1394 1252 καὶκατὰ
1418 1184 1797 1269 συκαίρεων
1817 1182 2051 1271 Δημά
2071 1188 2161 1272 δη
2176 1211 2231 1265 ς,
2276 1184 2391 1251 sed
2434 1187 2652 1250 'secum

401 1289 789 1354 dissentiens
829 1285 1179 1370 Πυλεάὸης
1222 1289 1332 1355 καὶ
1377 1289 1550 1354 κατὰ
1595 1289 1930 1376 συγκοπὴν
1975 1288 2330 1375 Πυλάδης,
2379 1289 2652 1376 Δημέας

397 1387 759 1480 Δημεοίδης
800 1388 1161 1479 Δημάδης,
1208 1409 1371 1472 quae
1417 1392 1473 1456 si
1518 1407 1669 1456 vera
1714 1396 1816 1457 est
1856 1392 2218 1474 originatio,
2265 1390 2455 1474 alpha
2496 1407 2646 1471 pro-

399 1496 547 1562 duci
589 1500 856 1579 oportet,
902 1499 1122 1562 contra
1162 1512 1333 1574 vero,
1376 1494 1434 1559 si
1478 1513 1518 1557 a
1561 1498 1795 1579 Δῆμος
1837 1499 1911 1560 ut
1954 1513 1994 1559 a
2036 1491 2261 1572 Πύλος
2305 1489 2644 1579 Πυλάδης,

396 1598 574 1664 cuius
617 1598 913 1680 prosodia
957 1601 1230 1677 constat3
1276 1615 1587 1679 syncopae
1622 1598 1896 1679 suspicio
1924 1597 2029 1663 hic
2050 1597 2225 1663 nulla
2248 1596 2414 1680 [Vol.
2438 1595 2478 1659 Ι
2494 1592 2641 1674 254,
2697 1600 2711 1607 ’

397 1699 475 1767 cf.
518 1705 754 1790 Δημᾶς
796 1706 865 1766 et
908 1700 1045 1765 sim.
1088 1699 1277 1765 Proll.
1323 1698 1469 1779 505,
1513 1699 1744 1782 Phryn.
1787 1698 1966 1786 434].
2014 1738 2084 1747 -—
2148 1700 2370 1765 Altera
2419 1697 2645 1763 classis

394 1803 840 1885 ,complectitur
881 1801 1183 1868 feminina
1224 1802 1290 1866 in
1335 1806 1429 1878 ἓᾶ,
1477 1803 1547 1886 ἦ
1594 1803 1779 1890 γαλῆ,
1825 1807 2025 1889 κωλῆ,
2073 1804 2239 1891 ῥοδῆ
2285 1805 2422 1881 etc„
2486 1797 2646 1864 illud

397 1905 477 1970 ab
521 1905 737 1987 ignoto
781 1904 1087 1986 principio
1134 1904 1409 1983 ductum,
1481 1908 1834 1970 ceterorum
1889 1904 2070 1985 origo
2108 1904 2181 1978 ¹in
2223 1907 2480 1986 promtu
2525 1905 2644 1967 est.

401 2007 579 2072 Haec
625 2012 836 2071 autem
882 2007 1114 2087 partim
1160 2006 1559 2072 substantiva
1603 2012 1764 2072 sunt·
1781 2025 1871 2071 ex
1916 2006 2241 2083 adiectivis
2263 2006 2451 2085 facta,
2495 2023 2644 2085 par-

399 2110 515 2175 tim
560 2110 888 2176 adiectiva.
976 2108 1157 2174 Illius
1200 2109 1451 2190 g‘eneris
1497 2114 1647 2175 sunt
1687 2110 1941 2174 nomina
1961 2109 2221 2190 pellium
2244 2113 2423 2195 κυνῆ,
2473 2133 2644 2191 παρ·

398 2213 589 2298 ὀαλῆ,
646 2214 878 2299 λεοντῆ
924 2216 1042 2277 etc.
1089 2211 1346 2295 [Parall.
1392 2212 1519 2277 338
1565 2212 1705 2297 sq.],
1772 2231 2041 2293 quorum
2099 2231 2226 2277 uno
2268 2212 2473 2276 utitur
2511 2210 2645 2275 Ho-

400 2332 614 2380 merus
679 2314 979 2380 restituta
1032 2311 1235 2386 forma
1276 2315 1518 2395 nativa,
1585 2315 1705 2381 hoc
1748 2319 1848 2380 es‘t
1891 2316 2098 2403 κυνέη.
2187 2314 2497 2379 Arborem
2539 2310 2646 2379 fici

398 2416 718 2499 quomodo
776 2417 1207 2498 appellaverit,
1254 2419 1514 2485 dubium
1557 2423 1700 2498 est3
1766 2437 1881 2501 pro
1926 2423 2123 2486 συκαῖ
2165 2416 2282 2483 Od.
2326 2416 2451 2482 VII
2499 2413 2641 2496 116,

399 2519 494 2584 XI
560 2518 716 2599 590,
784 2520 998 2588 XXIV
1055 2521 1174 2589 341
1246 2540 1412 2587 nunc
1469 2528 1709 2605 ‚auxiat
1773 2521 2095 2601 scribitur,
2159 2526 2235 2598 ut
2297 2518 2642 2585 Barnesius

393 2621 610 2702 iussit,
676 2641 976 2688 mensura
1040 2623 1291 2703 eadem3
1360 2624 1476 2688 sed
1538 2624 1991 2689 nominativum
2047 2623 2430 2705 singularem
2475 2624 2637 2708 συκῆ

396 2724 733 2791 Bekkerus
794 2726 1059 2793 retinuit
1121 2725 1239 2791 Od.
1296 2725 1511 2791 XXIV
1555 2724 1692 2805 246κ
1721 2745 1787 2792 ·a
1849 2724 2175 2792 Dindorfio
2241 2725 2640 2804 dissentienS,

394 2827 569 2893 nullo
639 2828 721 2892 ad
764 2833 1037 2894 metrum
1083 2828 1441 2904 discrimine
1457 2880 1473 2910 ,
1538 2830 1662 2895 nisi
1728 2829 1895 2911 quod
1936 2830 2143 2911 prima
2185 2829 2356 2895 vocis
2400 2827 2648 2910 syllaba

398 2935 620 2997 contra
662 2948 855 3012 quam
896 2930 963 2995 in
1006 2931 1234 2996 ceteris
1278 2933 1344 2997 in
1389 2933 1557 2999 thesi
1597 2933 1807 3015 posita
1831 2937 1945 2997 est
1963 2970 2034 2979 -
2057 2931 2200 2996 Alia
2234 2930 2432 2999 erasis
2454 2929 2640 2995 modo

399 3031 864 3111 intercedentis,
909 3033 1094 3098 modo
1139 3034 1447 3099 cessantis
1471 3033 1758 3115 exempla
1797 3030 2278 3099 subministrant
2299 3032 2642 3114 scriptores

399 3133 675 3199 Homero
718 3123 1130 3217 posteriores,
1201 3153 1358 3217 quos
1412 3137 1775 3201 enumeravi
1817 3136 1901 3217 ad
1941 3135 2172 3218 Phryn.
2219 3133 2319 3199 78.
2409 3134 2640 3217 Syneo-

404 3235 703 3318 phonesis
749 3243 1017 3320 apparet
1066 3240 1132 3303 in
1175 3239 1484 3322 bisyllabo
1528 3240 1752 3322 Νεμέα
1766 3286 1786 3319 ,
1849 3238 2017 3319 quod
2059 3237 2414 3303 Meinekius
2456 3235 2643 3301 affert

397 3337 636 3406 Delect.
669 3337 810 3406 199.
853 3377 922 3387 -
974 3340 1263 3407 Alterum
1317 3359 1516 3423 genus
1561 3346 1808 3405 constat
1852 3359 1929 3405 ex
1968 3340 2294 3409 adiectivis
2339 3338 2635 3405 materia-

402 3442 587 3508 libus,
675 3444 920 3509 Horum
943 3443 1067 3509 duo
1081 3443 1396 3509 Homerus
1419 3443 1688 3525 praebet
1708 3445 1955 3524 integra
1979 3441 2261 3529 ἀργυρέη
2279 3447 2345 3506 et
2367 3441 2640 3529 σιδηρέη

398 3542 515 3609 od.
543 3544 636 3611 IV
671 3544 815 3625 293,
862 3545 974 3610 sed
1026 3545 1145 3610 hoc
1199 3545 1593 3627 trisyllabum
1640 3551 1740 3610 est
1781 3542 2058 3610 Hesiod:
2083 3544 2315 3625 Theog.
2353 3542 2479 3609 764
2522 3562 2638 3626 per

401 3646 914 3730 synecphonesin,
928 3666 1053 3731 qua
1063 3648 1302 3735 χρυσέη
1315 3648 1694 3733 bisyllabum
1716 3647 1789 3713 fit
1821 3647 1990 3731 apud
2012 3654 2349 3728 utrumque
2366 3650 2639 3727 poetam,

397 3754 472 3815 ut
526 3768 694 3817 nunc
735 3750 991 3832 quidem
1013 3750 1337 3829 scribitur3
1384 3751 1693 3816 editiones
1737 3755 1988 3817 veteres
2005 3755 2213 3837 χρυσῆ
2238 3749 2642 3829 exhibent,.et

408 3853 474 3916 in
517 3853 649 3918 suis
691 3853 873 3918 libris
917 3854 1011 3918 ita
1052 3852 1293 3918 invenit
1323 3851 1385 3936 [P
1404 3851 1526 3916 loe.
1557 3853 1862 3937 eorruth
1883 3853 2092 3934 Epim.
2113 3853 2150 3917 Ι
2179 3851 2306 3918 443
2334 3852 2521 3938 παρὰ
2546 3855 2646 3938 τῷ

400 3959 650 4042 ποιητῇ
698 3953 994 4044 ἐὕρηται
1050 3956 1126 4020 τὸ
1183 3957 1305 4037 μέν
1350 3954 1596 4045 ἐντελὲς
1640 3951 1913 4032 ἶωνικιῢς
1959 3960 2236 4030 „Acin-ev
2280 3956 2355 4022 δὲ
2395 3955 2641 4042 χρυσέῃ

395 4056 461 4124 ἐν
507 4052 833 4147 ληκῦθῳ“
897 4055 1043 4141 (Od.
1088 4054 1180 4121 VI
1226 4055 1367 4141 79),
1435 4057 1510 4122 τὸ
1570 4057 1643 4123 δὲ
1688 4057 1853 4122 κατὰ
1900 4057 2271 4145 συναλιφὴν
2318 4052 2533 4134 ,,Οῧὸ’
2583 4050 2648 4121 εἷ

796 4197 911 4204 ».-—-——

535 4280 594 4339 2)
652 4279 741 4331 Sic
776 4281 1023 4332 et'Atfieo
1061 4250 1285 4353 στεῤῥὸς
1320 4283 1521 4348 epsilon
1559 4238 1803 4345 decessit,
1817 4281 1934 4341 ,rho
1973 4284 2199 4334 accessit
2234 4279 2304 4346 [ν.
2315 4281 2433 4335 Vol.
2454 4278 2638 4348 12521.
