2946 4928
391 315 479 386 84
766 375 777 384 .
900 367 907 376 .
1148 312 1705 384 DISSERTATIO
1771 314 1878 381 VI.
1947 327 1952 334 ’

392 483 446 553 ε’
475 484 540 548 et
592 483 638 550 ἶ
684 497 858 545 more
900 468 1131 546 Dorico
1173 479 1239 544 in
1282 482 1332 560 ἦ·
1377 482 1733 543 contractas
1779 495 1947 542 esse:
1999 478 2222 558 Τυδέα
2272 478 2472 562 Τυδῆ,
2505 456 2634 544 ‘aut

396 582 826 648 terminationi
868 581 1146 662 Ionicae,
1214 569 1375 666 qnae
1426 583 1652 649 eadem
1695 580 1872 663 epica
1915 581 2023 661 sit,
2087 580 2446 645 detractum
2489 596 2632 644 esse

392 685 611 767 alpha:
684 689 747 747 Τ
743 688 930 770 υᾶῆα,
968 687 1167 771 Τυδῆ,
1233 684 1536 765 additque
1600 683 1771 761 τινὲς
1837 681 1915 750 δέ
1978 706 2150 771 φασι
2210 676 2479 749 κάκεῖνα
2532 680 2629 768 μὴ

316 781 327 793 ’
393 789 560 854 κατὰ
609 785 1017 874 συναλοιφὴν
1062 779 1226 853 εἶναι
1275 783 1365 865 ὡς
1398 781 1670 871 „Dixti-7}
1714 780 1979 873 ὤτρυνε,
2027 786 2224 871 Πηλῆ’
2269 781 2627 864 ἱκέτευσε“,

391 909 658 973 quorum
679 889 1105 970 exemplorum
1126 891 1303 972 prius
1325 890 1540 955 nescio
1559 885 1727 955 unde
1739 890 2066 969 sumserit,
2079 886 2265 953 alteri
2277 886 2461 970 (XVI
2474 885 2629 969 574)

394 991 650 1079 [Bekk.]
685 991 1055 1073 Spitznerus
1100 997 1167 1056 et
1187 980 1553 1058 Dindorfius
1595 998 1817 1058 contra
1861 990 2209 1057 Thierschii
2254 988 2632 1074 sententiam

393 1094 845 1178 apostrophum
908 1094 1322 1162 reddiderunt
1384 1096 1451 1160 in
1509 1095 1693 1162 Tlibris
1762 1094 2050 1160 omnibus
2115 1092 2492 1157 custoditam
2558 1095 2633 1157 ut

391 1197 761 1278 saepissime
798 1191 1046 1282 Ὀδυσῆ
1064 1193 1109 1278 ³,
1157 1202 1348 1278 atque
1392 1197 1484 1262 sic
1529 1197 1722 1262 etiam
1763 1197 1874 1262 ille
1895 1197 2227 1279 scripsisse
2268 1195 2518 1261 videtur
2536 1218 2629 1280 μη

391 1301 556 1368 κατὰ
604 1298 1013 1388 συναλοιφὴν
1056 1303 1175 1366 τοῦ
1216 1303 1278 1372 ’ἶ
1326 1299 1437 1366 καὶ
1482 1301 1553 1383 ἶῐζ
1623 1295 1795 1365 ἀλλὰ
1842 1294 1974 1364 κατ’
2027 1298 2351 1383 ἔκθλιψιν
2395 1299 2513 1363 τοῦ
2576 1333 2613 1365 α

395 1403 478 1489 [v.
526 1403 700 1470 Diss.
744 1402 1079 1490 VIIlfflcap.
1124 1402 1182 1468 V
1227 1402 1282 1486 ἓ.
1328 1401 1415 1488 2.]

564 1506 639 1572 111
681 1509 777 1582 Εἷς
813 1525 1043 1588 purum
1065 1523 1227 1587 quae
1259 1510 1492 1571 exeunt
1512 1505 1916 1576 Herodianus
1958 1504 2038 1569 ab
2062 1503 2290 1569 Atticis
2332 1503 2399 1568 in
2442 1502 2634 1584 alpha

392 1603 679 1676 contrahi
722 1610 906 1675 docet
951 1609 1028 1674 de
1074 1606 1687 1678 Dichron.291.17
1754 1611 1903 1690 χοᾶ,
1944 1601 2260 1696 Ἐρετριᾶ,
2312 1603 2625 1691 Πειραιᾶ,

393 1719 459 1780 et
499 1711 921 1794 Hmocmfio
961 1708 1110 1791 Ρ.4.
1143 1712 1220 1778 14
1264 1711 1339 1777 τὸ
1388 1706 1752 1798 ὁλόκληρόν
1796 1709 1973 1777 ἐστιν
2018 1706 2302 1794 ἆγυιέας
2324 1708 2435 1774 καὶ
2465 1706 2634 1773 κατὰ

390 1815 507 1902 τὴν
573 1809 840 1899 ἆττικὴν
906 1810 1247 1880 διάλεκτον
1304 1808 1542 1899 ἀγυιᾶς
1585 1808 1903 1898 καθάπερ
1954 1813 2191 1899 Μηλιᾶ
2257 1809 2366 1877 καὶ
2411 1834 2632 1897 παρα-

394 1913 651 2004 πλήσια
697 1916 996 2000 λέγουσιν
1042 1914 1111 1981 ἐν
1159 1919 1554 2006 συναλοιφῇ,
1599 1920 1666 1981 et
1708 1916 1946 1981 Jonnes
1992 1915 2072 1979 de
2116 1914 2259 1979 Acc
2303 1932 2365 1996 p.
2398 1913 2500 1979 20.
2548 1911 2634 1978 30

386 2016 748 2108 Ἐρετριέας
817 2013 1154 2104 Ἐρετριᾶς
1228 2017 1398 2082 κατὰ
1476 2015 1851 2103 συναίρεσιν
1929 2020 2388 2104 περισπῶνται
2469 2013 2627 2102 παρ’

387 2117 781 2207 Ἀθηναίοις
805 2120 877 2208 ξ’),
922 2138 1079 2200 quos
1122 2119 1296 2200 ipsos
1340 2120 1677 2201 aliquando
1719 2122 1884 2186 inter
1929 2138 1998 2185 se
2043 2120 2418 2185 dissensisse
2462 2118 2633 2184 colli·

362 2217 363 2222 ’
394 2215 566 2307 gitur
608 2244 686 2292 ex
729 2224 1034 2290 librorum
1077 2221 1491 2288 fluctuatione
1530 2229 1856 2306 perpetua.

566 2327 906 2394 Nominum
948 2325 1012 2389 in
1055 2329 1124 2406 ἦῖ
1147 2327 1575 2392 accusativum
1613 2331 1841 2408 poetae
1884 2325 2266 2407 posteriores
2294 2343 2421 2390 non
2450 2324 2635 2389 aliter

391 2431 745 2498 terminant-
777 2446 969 2511 quam
1011 2433 1084 2494 ut
1126 2428 1459 2512 vulgdfit:
1509 2425 1874 2518 ἆγχινεφῆ,·
1913 2423 2268 2515 ἆρτιπαγῆ,
2335 2422 2633 2516 ἡδυφαῆ,

395 2532 715 2621 ἡμιθανῆ,
762 2537 1125 2621 θηρομιγῆ,
1172 2539 1509 2620 κοιλοφυῆ,
1555 2539 1917 2620 μουνογενῆ
1963 2537 2028 2597 et
2072 2532 2163 2597 Sic
2206 2533 2400 2597 etiam
2440 2530 2632 2612 Apol·

391 2639 597 2707 10111118
641 2643 733 2724 τῷ
778 2629 837 2700 δ’
890 2627 1022 2722 ἄρα
1068 2638 1344 2722 νηκερδῆ
1376 2634 1588 2699 Π482
1634 2639 1701 2700 et
1745 2634 1963 2725 ἅρπην
2009 2630 2318 2722 εὗκαμπῆ
2348 2630 2641 2698 Π11388
2693 2628 2700 2633 ’

398 2740 640 2823 syllaba
682 2739 908 2803 ultima
952 2737 1070 2803 sub
1113 2740 1245 2802 ictu
1286 2738 1514 2819 posita,
1558 2737 1874 2804 Homerus
1918 2757 2068 2804 vero
2113 2736 2430 2819 dactylum
2451 2753 2634 2817 prae·

393 2843 542 2908 tulit
583 2861 707 2906 non
752 2842 955 2925 solum
995 2840 1067 2905 in*
1107 2841 1324 2922 quinto
1367 2841 1557 2922 pede:
1619 2842 1926 2931 νηκερδέα
1970 2836 2236 2927 βουλήν,
2284 2839 2398 2904 sed
2442 2839 2636 2904 etiam

391 2946 459 3010 111
504 2949 765 3026 quarto:
808 2938 1146 3025 ευκαμπέα
1168 2942 1339 3030 χειρὶ
1364 2941 1634 3031 παχείῃ,
1679 2963 1826 3009 raro
1869 2944 1975 3008 ille
2004 2942 2169 3008 crasi
2211 2960 2392 3006 usus:
2422 2936 2637 3028 ἆκραη

376 3053 694 3146 ,Ζέφυρον
738 3046 853 3110 Od.
876 3045 943 3110 ΙΙ
962 3042 1107 3124 421,
1153 3045 1322 3126 quod
1363 3045 1557 3111 iterat
1578 3044 1782 3128 Orph.
1796 3046 1944 3128 Arg.
1961 3044 2155 3124 1155,
2201 3048 2270 3108 et
2292 3040 2635 3130 αἰνοπαθῆ

394 3149 691 3234 μαλακόν
736 3148 852 3215 Od.
896 3147 1114 3213 XVIII
1137 3144 1256 3211 201
1307 3166 1552 3213 summo
1595 3134 1933 3230 utrumque
1978 3149 2262 3213 codicum
2306 3164 2633 3215 consensu.

393 3253 481 3318 Et
524 3253 606 3319 ad
647 3252 767 3317 hoc
810 3250 1164 3332 exemplum
1204 3249 1568 3315 Dindorfius
1632 3252 1698 3315 111
1740 3249 1813 3316 11.
1859 3250 2073 3316 XXIV
2118 3249 2242 3328 267
2287 3270 2401 3332 pro
2447 3275 2631 3336 πρω-

394 3355 689 3441 τοπαγέα
778 3349 1102 3442 πείρινθα
1187 3354 1488 3418 resumsit
1543 3359 2005 3441 ·npwto7tayr'j,
2095 3357 2162 3417 et
2230 3353 2631 3421 Hermannus

398 3456 626 3539 Opusc.
670 3456 763 3520 VI
802 3455 873 3520 P.
917 3455 952 3520 I
1001 3452 1118 3520 165
1166 3456 1451 3537 regulam
1496 3456 1788 3535 condidit,
1836 3455 1891 3519 si
1933 3455 2123 3537 longa
2165 3455 2411 3538 syllaba
2453 3460 2630 3521 ante-

282 3551 309 3615 Ῠ
397 3558 600 3638 cedat,
644 3559 1154 3624 terminationem
1195 3560 1510 3640 integram
1553 3563 1638 3630 152·
1683 3563 2026 3638 servatam,
2092 3561 2238 3639 post
2281 3557 2440 3622 duas
2483 3576 2633 3625 vero

392 3662 617 3728 breves
660 3662 729 3727 in
770 3665 822 3747 ἠ’
852 3663 1242 3727 contractum
1285 3678 1426 3726 esse
1471 3667 1538 3726 et
1576 3665 1914 3743 propterea
1953 3659 2174 3726 Τυδέα
2217 3660 2407 3725 scribi
2451 3679 2632 3742 oper-

393 3770 532 3832 tere
598 3763 1174 3852 et'cptkoupestdia,
1246 3765 1611 3849 Μηκιστέα,
1680 3763 1795 3828 sed
1837 3756 2194 3849 ἀφρογενῆ,
2265 3769 2635 3852 κυπρογενῆ

395 3868 461 3933 111
484 3867 747 3935 Hesiodi
787 3866 959 3931 locis,
1050 3863 1177 3930 Sed
1218 3864 1338 3930 hoc
1383 3870 1484 3931 est
1523 3866 1767 3931 incerta
1807 3866 2063 3930 incertis
2106 3864 2394 3946 probare.
2466 3865 2632 3930 Ante

394 3971 675 4037 vocalem
737 3973 964 4051 poetae
1030 3967 1414 4049 antiquiores
1481 3967 1672 4048 alpha
1715 3969 1958 4034 elidunt
2000 3968 2211 4049 potius
2224 4016 2241 4047 ‚
2307 3985 2496 4050 quam
2560 3973 2635 4032 nt

586 4166 593 4173 .
2509 4144 2530 4171 ¹.

535 4209 592 4271 3)
626 4213 769 4262 Pura
804 4217 857 4262 et
890 4227 996 4261 non
1031 4227 1166 4276 pura
1201 4210 1475 4263 confundit
1508 4210 1675 4263 schol.
1708 4211 1869 4264 Arist.
1905 4210 2082 4262 Nubb.
2117 4205 2255 4261 1238
2308 4204 2368 4260 τὸ
2408 4208 2548 4276 χοός
2585 4210 2636 4261 εἰ

396 4297 754 4366 περισπᾶται,
791 4291 904 4348 ἀπὸ
939 4296 1035 4348 τοῦ
1065 4290 1227 4364 χοεύς
1265 4294 1431 4349 ἔστιν’
1459 4296 1599 4363 χοῆς
1631 4291 1742 4365 γὰρ
1782 4288 2022 4365 ὤφειλεν
2057 4288 2197 4349 εἶναι
2237 4290 2310 4355 ὥς
2344 4294 2530 4361 ἱππῆς.
