2946 4928
445 349 574 417 230
1242 344 1800 412 DISSERTATIO
1844 344 1988 411 VII.
2046 356 2051 363 ’

440 510 719 597 βάνουσι
764 511 843 577 τὸ
891 513 966 581 ’ἵε
1035 507 1354 588 οὑτοσί,
1424 503 1590 590 ὁδί,
1653 505 2036 577 ἐκεινοσί·
2101 502 2406 586 σπανίως
2459 506 2533 574 δὲ
2579 506 2667 574 ἐπ

442 608 829 705 ἀναφορᾶς,
900 615 1241 681 Herodian.
1284 613 1471 679 Excc.
1536 631 1597 695 p.
1643 613 1762 679 271
1811 612 2046 678 Anecd.
2092 609 2289 676 Oxon.
2335 610 2404 675 T.
2449 609 2549 674 ΠΙ
2602 612 2686 676 τὰ

441 708 659 800 οὗτος,
709 715 895 804 αὕτη,
947 720 1138 783 τοῦτο
1186 717 1481 799 δέχονται
1527 715 1642 782 τὸν
1683 713 2270 803 προσχηματισμὸν
2313 717 2431 780 τοῦ
2475 715 2528 783 ἰ’
2574 713 2687 781 διὰ

442 820 725 890 πλείονα
792 820 996 901 δεῖξιν
1060 819 1124 884 ἐν
1189 823 1273 908 τῇ
1339 818 1550 885 ὀιλίσει
1619 815 1833 886 αὐτῶν
1898 814 2105 904 neiron.
2194 815 2379 882 Hanc
2429 815 2507 882 ob
2552 834 2689 881 rem

443 923 820 991 Schaeferus
863 923 931 989 in
974 921 1153 989 Dem.
1199 940 1250 988 c.
1296 921 1774 989 Macartlfflsz
1805 920 1880 985 17
1925 939 2042 1002 pro
2088 920 2504 1005 τηλικοιτονί
2548 938 2688 986 011111

440 1028 734 1095 Bekkero
791 1025 981 1092 scribi
1033 1023 1211 1091 iubet.
1252 1029 1659 1111 τηλικοῦτονε
1734 1023 2052 1087 diversum
2119 1034 2210 1086 est
2267 1025 2687 1110 τηλικαυτησι

441 1129 711 1209 πόλεως
760 1128 943 1194 1075.
988 1127 1059 1207 8,
1124 1150 1273 1190 nam
1317 1126 1555 1191 dicitur
1599 1130 1938 1203 δεικτικῶς
2002 1139 2073 1189 ut
2137 1150 2193 1189 v.
2243 1127 2327 1192 20
2391 1125 2691 1194 τουτοισί

442 1235 488 1298 i.
535 1256 585 1297 e.-
634 1244 724 1297 tot
767 1242 915 1316 quot
956 1228 1059 1293 hio
1101 1227 1423 1293 adstantes
1466 1227 1695 1292 videtis
1738 1229 1901 1311 App.
1948 1230 2017 1295 T.
2040 1230 2097 1295 V
2126 1228 2266 1296 107.
2324 1229 2449 1295 Sed
2494 1248 2689 1310 saepe

444 1341 659 1403 tamen
704 1338 1007 1411 oratoreS,
1054 1332 1304 1398 etiamsi
1349 1333 1428 1398 de
1471 1332 1838 1398 absentibus
1882 1333 2224 1415 loquuntur
2239 1383 2254 1412 ‚
2300 1350 2459 1413 quos
2503 1333 2689 1397 modo

439 1439 858 1520 designarunt
910 1441 977 1501 et
1020 1434 1412 1501 auditoribus
1458 1436 1643 1518 quasi
1688 1437 2063 1518 spectandos
2105 1440 2493 1516 proponunt,
2532 1435 2694 1522 *iota

442 1539 936 1609 demonstrativo
979 1542 1263 1620 utuntur,
1308 1544 1375 1604 et
1419 1539 1673 1620 saepius
1718 1539 1911 1603 etiam
1933 1538 2276 1629 negligunt,
2323 1539 2378 1603 si
2401 1538 2481 1603 de
2503 1556 2689 1619 prae-

442 1642 745 1709 sentibus
857 1639 961 1706 Sic
1004 1639 1183 1706 Dem.
1253 1658 1303 1706 c.
1353 1641 1618 1707 Androt.
1664 1640 1808 1706 533.
1854 1639 1894 1706 3
1961 1638 2116 1724 (594
2158 1640 2262 1723 R.)
2329 1644 2559 1705 τοῦτον
2608 1677 2683 1689 -

441 1742 705 1813 τουτονί
778 1745 843 1809 111
907 1762 1034 1811 11110
1097 1762 1288 1809 versu
1368 1748 1435 1809 et
1500 1744 1578 1809 de
1646 1744 1867 1810 eadem
1931 1763 2219 1825 persona,
2286 1743 2543 1824 Antiph.
2609 1743 2690 1807 de

443 1846 625 1915 Chor.
673 1846 772 1911 73.
822 1845 901 1911 12
946 1864 1040 1927 sq.
1086 1842 1347 1922 τούτοις
1394 1882 1467 1895 —·-
1519 1845 1890 1912 τουτωνί-
1940 1845 2213 1929 τούτων,
2260 1847 2688 1912 Lucian.Jud.

438 1950 651 2019 Vocal.
695 1948 881 2017 modo
926 1947 1348 2015 τουτουὶ-τοῦ
1402 1952 1578 2029 Ταῦ,
1648 1949 1833 2013 modo
1899 1953 2016 2023 τοῦ
2069 1953 2213 2014 Ταῦ
2273 1947 2512 2016 τούτου
2569 1955 2688 2014 etc.

440 2070 581 2121 011111
644 2049 973 2131 multiplici
1038 2049 1319 2119 codicum
1364 2050 1787 2119 dissensione·
1860 2050 1952 2125 Ac
1997 2051 2335 2134 Dionysius
2358 2054 2459 2117 de
2505 2053 2687 2118 Com-

442 2173 577 2238 pos,
621 2152 744 2220 VII
789 2151 874 2217 42
921 2151 989 2219 Τ.
1034 2151 1091 2216 V
1158 2151 1392 2217 omissa
1454 2153 1567 2221 illa
1622 2154 1972 2219 evidentiae
2017 2155 2260 2219 ratione
2316 2156 2472 2221 nihil
2516 2157 2691 2221 aliud

442 2276 638 2342 quam
675 2255 1038 2327 concinnam
1080 2256 1436 2325 iuncturam
1487 2257 1840 2337 quaesitam
1896 2276 2036 2323 esse
2082 2259 2334 2324 statuit:
2382 2256 2418 2322 ὁ
2481 2260 2689 2342 λέγων

440 2356 601 2441 „Ele
645 2356 905 2429 τουυονί
970 2355 1086 2425 τὸν
1152 2351 1415 2442 (ἷιγιῖἱναιι
1485 2359 1934 2447 προστέθηκέ
1999 2385 2061 2427 τι
2128 2363 2277 2448 ’τῆςι
2311 2362 2691 2440 συνθέσεως

442 2456 931 2546 στοχαζόμενος.
1022 2459 1358 2532 Masculini
1402 2467 1470 2528 et
1512 2460 1794 2530 feminini
1837 2466 2086 2546 generis
2108 2483 2295 2531 casus
2316 2464 2449 2532 fere
2471 2484 2689 2531 omnes

443 2586 523 2634 ex
563 2567 792 2636 Atticis
836 2562 1111 2640 afferunt
1152 2565 1358 2638 Fisch„
1426 2566 1510 2633 ad
1553 2566 1713 2631 Vell.
1757 2566 1825 2632 H
1866 2567 1995 2634 216
2060 2573 2127 2634 et
2171 2568 2355 2634 Thes
2400 2570 2690 2651 neglecto

443 2672 616 2738 duali
659 2665 953 2738 τουτωνί
993 2667 1188 2736 Arist.
1231 2667 1378 2736 Pac.
1428 2666 1595 2736 1214
1659 2673 1725 2734 et
1789 2672 2034 2737 τουτωί
2077 2671 2232 2736 Avv.
2261 2671 2390 2752 62,
2460 2692 2500 2737 a
2563 2692 2688 2755 quo

438 2775 689 2842 dativus
733 2770 1071 2854 singularis
1137 2769 1313 2852 nulla
1365 2788 1437 2835 re
1494 2770 1873 2837 discernitur
1932 2774 2057 2840 nisi
2120 2751 2252 2840 iota
2316 2774 2687 2856 subscripto,

378 2865 389 2875 ”
440 2878 608 2962 quod
649 2876 964 2958 Bergkius
1005 2873 1207 2945 Rann.
1253 2871 1398 2953 609,
1441 2872 1603 2955 qu·
1648 2872 1778 2941 490
1845 2875 2111 2957 aliisque
2174 2876 2337 2942 lods
2394 2878 2691 2958 apposuit

438 2974 627 3062 vulgo
692 2979 1025 3057 omissum,
1114 2977 1460 3057 eodemque
1524 2976 1936 3058 locupletavit
2015 2976 2391 3046 femininum·
2451 2979 2690 3067 ταυτῃί

438 3079 584 3150 Pac.
636 3080 829 3160 1193,
892 3079 1054 3161 qu.
1099 3076 1244 3144 271.
1336 3077 1604 3150 Generis
1667 3080 1955 3148 neutrius
2021 3078 2227 3148 forma
2290 3081 2524 3164 duplex
2589 3089 2692 3152 est

440 3180 664 3254 τουτοϊ·
723 3189 790 3249 et
830 3181 1082 3250 brevior
1126 3177 1316 3247 τουτί
1364 3184 1439 3246 ut
1484 3179 1689 3250 ταυτί.
1730 3181 1747 3198 “
1780 3181 1982 3250 Casus
2028 3182 2250 3250 duales
2294 3203 2419 3250 non
2460 3187 2689 3271 reperi,

438 3288 536 3354 De
557 3286 910 3369 pluralibus
931 3284 1185 3352 dubitat
1208 3282 1585 3352 Schaeferus
1631 3276 1712 3350 ad
1733 3284 1913 3366 Lept.
1936 3284 2081 3354 464.
2107 3285 2192 3352 20
2235 3287 2397 3368 App.
2420 3287 2684 3369 1111o2‚

441 3389 681 3458 Gracci
744 3389 907 3454 enim
970 3410 1097 3452 non
1160 3386 1366 3473 παρίει
1422 3384 1638 3450 dicunt
1699 3388 1901 3472 χωρὶς
1944 3388 2225 3455 τουτωνί
2281 3412 2468 3474 quam
2516 3394 2687 3477 πρὸς

443 3490 752 3562 τουτοισί.
846 3491 973 3558 sed
1016 3491 1302 3560 eiusdem
1345 3490 1596 3570 generis
1639 3491 1929 3559 neutrius
1984 3497 2093 3556 est*
2138 3490 2482 3562 τοιουτωνί
2525 3494 2685 3559 Plat

440 3596 698 3664 Theaet.
747 3594 869 3666 163
914 3594 988 3664 E.
1010 3593 1335 3660 Primitivo
1380 3590 1611 3660 τουιοΐ
1647 3599 1941 3662 accurate
1961 3594 2304 3675 respondet
2333 3595 2691 3665 derivatum

439 3696 809 3774 τυννουτοΐ,
874 3696 1043 3779 quod
1086 3695 1443 3768 Brunckius
1501 3695 1571 3760 in
1610 3695 1817 3762 Nubb.
1860 3695 1988 3762 878
2055 3716 2090 3762 e
2149 3698 2360 3763 codice
2413 3700 2689 3779 quodam

441 3802 664 3870 ascivit
726 3820 842 3886 pro
907 3796 1276 3867 τυννουτονί
1289 3846 1307 3877 ,
1390 3797 1505 3861 sed
1570 3797 1689 3863 hoc
1751 3799 2005 3880 proprie
2069 3799 2351 3868 Atticum
2415 3800 2689 3867 habetur

439 3910 516 3980 ut
577 3901 931 3970 τοιουτονί-
975 3897 1206 3979 πάθος
1270 3899 1477 3968 Βθω.’
1507 3918 1569 3980 Ρ.
1627 3898 1766 3965 Cor.
1827 3898 1972 3965 214.
2026 3901 2107 3974 45
2182 3902 2332 3986 (ubi
2380 3904 2689 3983 'permulti

441 4006 687 4074 codices
754 4007 886 4070 iota
951 4001 1310 4085 omittunt),
1359 4019 1428 4072 -c.·
1473 4002 1735 4069 Zenoth.
1786 4002 1925 4068 161.
1970 4001 2011 4076 4
2028 4053 2043 4083 ,
2109 4004 2302 4072 Arist.
2347 4004 2515 4080 Plut.
2556 4004 2685 4071 427

444 4106 823 4186 τοσουτονί,
881 4102 1302 4196 τηλικουτονί
1335 4104 1499 4176 Avv.
1550 4104 1733 4185 1132,
1777 4104 1945 4174 Max.
1992 4105 2135 4189 Tyr.
2177 4106 2390 4173 XXIV
2433 4107 2493 4173 8.
2539 4108 2687 4190 475,

449 4231 615 4297 quae
657 4212 740 4282 ab
785 4210 1161 4284 accusativis
1204 4208 1537 4278 masculini
1584 4208 1834 4291 generis
1879 4208 2153 4278 discerni
2192 4228 2317 4278 non
2357 4216 2673 4291 possunt»,-
