2946 4928
641 309 757 376 nn
800 294 1596 381 PROSGHEMATISMO.
1684 311 1753 379 Ρὁ
1776 310 1831 380 1.·
1874 312 1940 379 o,
1963 313 2014 379 1.
2059 314 2114 400 §-
2139 313 2197 379 2.
2443 312 2561 380 167

318 474 755 558 ambiguitatis
798 474 1057 557 habeat,
1112 495 1297 543 nemo
1338 477 1607 559 ignorat.
1658 514 1728 524 —-
1783 475 1908 544 Sed
1951 476 2129 543 nefas
2176 479 2334 544 duco
2378 497 2562 560 prae-

317 577 679 653 termittere
724 579 1020 661 antiquae
1066 565 1403 645 doctrinae*
1443 579 1785 646 frustulum
1848 582 1916 646 in
1983 582 2172 647 schol.
2217 581 2290 646 Il.
2336 580 2435 646 III
2480 580 2560 646 35

316 686 674 749 servatum:
718 673 929 771 ὦχρός
961 685 1045 749 ’τέ
1079 709 1192 762 μιν
1222 674 1357 749 εἷλε
1405 679 1704 770 παρειά
1756 720 1824 730 --
1868 680 2078 762 οὕτως
2103 680 2430 767 ὀξυτόνως
2453 682 2564 749 καὶ

311 783 516 871 χωρὶς
559 787 679 849 τοῦ
721 788 790 866 ὃ,
834 787 1062 869 quibus
1114 786 1469 854 subtexitur
1491 785 1712 867 regula.
1757 786 1835 851 de
1860 794 2120 852 accentu
2141 787 2562 873 Herodianea,

323 893 460 953 tum
493 889 595 954 ‘sic
639 886 803 955 finit:
850 889 1015 975 φασὶ
1043 889 1270 973 μέντοι
1291 885 1726 980 Ἀρίσταρχον
1751 889 1861 955 καὶ
1880 884 2368 977 Ἀριστοφάνην
2400 886 2560 975 γρά-
2610 878 2615 887 ”

330 988 478 1077 φειν
520 990 860 1075 παρειάς
915 993 1030 1059 σὺν
1077 997 1168 1081 τῷ
1212 995 1268 1070 ὖ,
1315 991 1552 1081 ἐπειδὴ
1600 993 1708 1061 καὶ
1755 988 2094 1078 παρειάων
2139 991 2350 1077 λέγει,
2398 1011 2562 1074 quae

322 1094 622 1161 Lehrsius
669 1096 753 1161 ad
796 1095 1065 1161 eundem
1090 1102 1409 1165 auctorem
1453 1096 1667 1162 refert.
1759 1095 1885 1162 Sed
1907 1095 2291 1160 contrarium
2336 1096 2564 1161 dicitur

319 1197 406 1263 ad
444 1197 517 1265 Il.
545 1198 751 1265 XXII.
796 1197 916 1265 491
968 1196 1397 1284 δεδάκρυνται
1447 1202 1521 1268 δὲ
1568 1198 1947 1286 παρειαί-
1980 1195 2405 1284 Ἀρίσταρχος
2451 1194 2559 1264 οὗ·

320 1301 595 1386 δετέρως
641 1297 907 1388 παρειά,
955 1303 1124 1383 quod
1165 1302 1434 1386 Didymo
1479 1296 1705 1369 tribuit
1750 1303 2149 1369 SchmidtiuS.
2238 1302 2407 1384 Ergo
2451 1322 2560 1367 ne·
2638 1328 2643 1334 =

317 1421 497 1470 cesse
542 1409 659 1486 est,
706 1412 817 1473 aut
858 1405 1037 1471 illum
1094 1410 1376 1472 mutasse
1420 1396 1801 1473 sententiam
1846 1409 1958 1472 aut
2002 1410 2324 1488 postrema
2364 1406 2562 1472 verba

317 1508 481 1572 aliu‘s
527 1502 854 1574 cuiusdam
899 1527 1058 1574 esse.
1123 1508 1330 1591 -Quod
1374 1515 1589 1576 autem
1634 1511 1717 1575 ad
1758 1509 2154 1592 probandum
2192 1505 2562 1574 femininum

316 1611 519 1677 utitur
551 1612 854 1694 genitivo,
901 1612 967 1679 id
1011 1612 1168 1677 satis
1213 1612 1378 1695 signi
1423 1616 1541 1696 est,
1586 1613 1864 1694 ignotam
1909 1613 1971 1678 ei
2013 1610 2210 1676 fuisse
2254 1611 2557 1693 regulam,

318 1715 401 1781 ad
444 1733 637 1797 quam
680 1715 799 1781 viri
842 1715 1200 1797 gravissimi
1220 1733 1518 1781 versuum
1554 1716 1868 1783 clausulas
1912 1718 2201 1798 redigere
2235 1720 2558 1781 conantur.

489 1816 828 1884 Nominum
871 1813 1293 1905 Πάτροκλος,
1338 1813 1638 1907 ἡνίοχος,
1687 1815 1975 1905 αἰγίοχος
2019 1836 2206 1885 casus
2252 1820 2560 1900 quosdam

315 1925 542 2004 poetae
610 1922 694 1987 ad
736 1923 990 1987 tertiam
1036 1922 1519 1989 declinationem
1563 1913 1929 2004 traducunt,
1995 1925 2429 2008 Πατροκλῆος
2495 1928 2560 1988 et
2605 1954 2609 1959 ·

312 2017 610 2110 ἧνιοχῆος
630 2023 905 2105 Homer„
952 2019 1463 2112 ὖδροχοῆϊΑηῐ.
1511 2023 1638 2091 388
1683 2030 1748 2091 et
1768 2024 2215 2092 Nonn.XXIII
2254 2023 2396 2105 315,
2445 2008 2577 2090 sed‘

313 2126 380 2192 in
424 2127 599 2192 exitu
641 2126 957 2193 Homerus
1001 2126 1454 2218 Πατρόκλοιο,
1500 2124 1825 2217 ἡνιόχοιο,
1893 2126 2254 2216 αἰγιόχοιο,
2323 2129 2559 2195 Aratus

312 2228 441 2295 283
485 2224 876 2318 ὖδροχόοιο,
923 2231 1185 2298 Nonnus
1229 2252 1378 2299 vero
1424 2233 1643 2301 addita
1684 2234 1929 2299 morula
1971 2233 2004 2298 I
2053 2233 2193 2313 178,
2241 2231 2385 2313 313,
2433 2229 2553 2297 361

313 2336 432 2398 etc.
478 2327 781 2420 ἦνιοχῆος
821 2335 1073 2416 maluit,
1131 2336 1287 2402 duos
1322 2338 1660 2402 ‘continuos
1703 2354 1927 2402 versus
1969 2334 2279 2401 XXXVII
2322 2335 2446 2401 275
2494 2339 2560 2401 et

314 2433 442 2501 276
485 2436 1004 2508 homoeoteleutis
1038 2440 1433 2521 concludens,
1480 2441 1728 2524 idemqe
1752 2439 2119 2522 saepissime
2140 2440 2558 2523 metaplasmo

306 2541 556 2623 poetico
597 2545 983 2631 Δηριαδῆος
1023 2544 1241 2611 utitur.

485 2646 890 2713 Heteroclitis
946 2648 1193 2714 accedit
1255 2648 1605 2731 epitheton,
1674 2648 1753 2714 de
1815 2666 1937 2730 quo
1982 2646 2359 2712 Eustathius
2429 2647 2556 2712 dis-

308 2748 473 2816 serit
520 2747 854 2815 1462.18
899 2745 1257 2833 δυνάμενος
1302 2746 1338 2814 ὃ
1378 2748 1663 2838 ποιητὴς
1710 2747 2300 2837 ποικιλόμητιν
2346 2746 2556 2816 εἰπεῖν

308 2848 566 2934 ὁμοίως
608 2857 699 2940 τῷ
744 2846 1084 2942 εἷιμητιν
1126 2853 1238 2920 καὶ
1297 2850 1786 2941 πολύμητιν,
1846 2849 1964 2919 οὐκ
2009 2848 2299 2944 ἔγραψεν
2346 2847 2558 2931 οὕτως

309 2951 798 3038 ἐνδεικνύμενος
844 2951 1086 3035 ἐξεῖναι
1131 2955 1261 3021 καὶ
1290 2951 1464 3042 οὕτω
1501 2951 1782 3043 γράφειν
1826 2957 1936 3026 καὶ
1983 2955 2252 3050 οὕτως..
2286 2956 2552 3021 Verum-

309 3063 529 3125 tamen
567 3077 734 3141 quae
777 3058 1093 3125 Homerus
1139 3060 1218 3125 de
1263 3059 1381 3124 hoc
1423 3077 1656 3141 genere
1702 3059 2021 3141 delibavit,
2072 3061 2357 3126 diversas
2402 3076 2550 3124 cau-

310 3180 420 3228 sas
449 3151 717 3229 habent.
808 3157 1192 3252 Πολύμητις
1235 3163 1410 3242 illud,
1453 3162 1780 3244 proprium
1823 3167 1890 3227 et
1930 3167 2309 3255 perpetuum
2348 3161 2551 3227 Ulixis

311 3263 652 3345 epitheton,
700 3270 767 3331 et
810 3260 1169 3352 δολόμητις
1211 3283 1434 3331 versus
1456 3265 1599 3347 lege
1620 3269 1935 3345 tenentur,
1981 3283 2107 3347 qua
2139 3265 2382 3330 sancita
2407 3269 2556 3329 sunt

309 3368 715 3434 consonantia
760 3364 1164 3457 ἀγλαόμητις
1195 3369 1397 3434 Procl.
1419 3368 1649 3450 Hymn.
1672 3374 1738 3436 et
1762 3368 2116 3450 Tryphiod„
2165 3363 2556 3454 αἰολόμητις

304 3470 566 3537 Hesiod.
613 3471 873 3555 Theog.‚
943 3469 1269 3565 θεόμητις
1320 3476 1387 3537 et
1430 3468 1787 3559 ταχύμητις
1831 3470 2061 3552 Nonn.‚
2130 3467 2555 3558 θρασύμητις

302 3573 563 3641 Anthol.
632 3572 781 3640 ·Sed
823 3574 933 3640 ubi
974 3574 1242 3640 liberum
1288 3574 1379 3640 illi
1422 3573 1544 3640 fuit
1588 3594 1837 3641 sumere
1883 3575 2051 3657 quod
2074 3575 2312 3656 -vellet,
2369 3593 2551 3657 prae-

303 3677 551 3758 optavit
591 3678 890 3743 alterum:
939 3675 1267 3765 δαΐφρονα
1316 3675 1823 3767 ποικιλομήτην,
1870 3680 2081 3745 τέκετο
2127 3673 2387 3766 Κρόνος
2432 3672 2550 3762 ἆγ-

304 3775 707 3867 κνλομήτης,
756 3786 821 3847 et
864 3780 1180 3848 Hesiodus
1226 3800 1473 3864 quoque
1518 3779 1812 3868 Σίσυφος
1856 3777 2258 3869 αἰολομήτης
2300 3775 2551 3864 Fragm.

307 3881 561 3948 XXXII
603 3883 751 3967 (IV)
798 3889 866 3950 et
909 3880 1009 3951 ἰδὲ
1034 3880 1295 3969 Κρόνον
1337 3879 1797 3972 ἀγκυλομήτην
1823 3883 2054 3966 Theog.
2110 3883 2202 3966 19,
2249 3904 2371 3966 quo
2414 3887 2550 3972 loco

304 3984 553 4050 codices
580 3985 821 4068 aliquot
864 3987 946 4052 ad
969 3986 1240 4051 alterum
1263 3985 1657 4068 aberrarunt,
1704 3988 1868 4052 sicut
1909 3987 1975 4051 in
2018 3986 2091 4052 Il.
2138 3987 2228 4053 IV
2272 3988 2354 4054 59
2401 3989 2551 4053 olim

307 4087 736 4170 scribebat-ur,
803 4090 919 4156 sed
985 4107 1024 4154 a
1065 4087 1291 4155 Wolfio
1359 4094 1710 4155 correctum
1775 4095 1907 4171 est,
1979 4086 2424 4179 αἱμυλομήτης
2468 4091 2546 4156 Η.

303 4192 383 4258 Η.
428 4193 497 4259 in
538 4192 731 4259 Mero.
782 4192 891 4272 13;
940 4187 1300 4280 δολόμητις
1339 4211 1490 4257 vero
1534 4193 1598 4257 in
1642 4192 1923 4258 clausula
1966 4212 2188 4259 versus
2231 4193 2551 4260 Homerici

255 4334 280 4340 ψ
305 4295 591 4363 feminini
655 4300 757 4362 est
798 4296 1063 4379 generis.
1114 4332 1186 4342 -
1257 4295 1560 4362 Vocativo
1604 4296 1852 4377 generis
1898 4297 2243 4362 communis
2300 4290 2354 4361 ὦ
2398 4299 2548 4363 κλυ-
