2946 4928
920 325 1060 434 DE·
1082 323 1488 393 APOGOPE.
1578 323 1645 392 G.
1689 325 1797 393 IV.
2379 324 2506 394 297

254 495 376 579 τοῦ
423 489 607 569 ἐντὸς
648 489 759 558 καὶ
803 489 993 570 ἐκτὸς
1032 496 1232 578 βῆναι
1277 487 1388 556 καὶ
1432 489 1512 555 τὸ
1558 488 2012 577 προγενέσθαι
2043 491 2161 557 τοῦ
2187 486 2508 578 πρότερον
2550 570 2565 576 -

259 595 584 680 γενέσθαι
628 592 741 659 καὶ
783 594 859 659 τὸ
906 592 1211 676 καθίζειν
1253 597 1373 660 τοῦ
1418 589 1597 659 κάτω
1640 590 1805 679 ἵζειν
1849 597 1988 673 etc„
2032 593 2134 658 cui
2156 594 2509 658 contrarius

256 701 364 762 est
405 715 582 761 error
626 713 862 777 eorum,
908 697 1017 779 qui
1058 695 1560 778 praepositiones
1571 694 1693 779 ‘Lex
1734 691 2057 761 vocabulis
2118 694 2506 776 longioribus

258 799 547 865 extitisse
592 803 871 866 censent.
921 836 992 846 —
1043 798 1122 864 In
1165 798 1237 864 11.
1281 798 1408 864 VII
1452 796 1609 879 334,
1653 797 1765 863 ubi
1819 815 1986 862 nunc
2030 793 2357 884 ἀποπρό
2405 816 2507 863 re-

258 887 515 983 ceptum
559 906 676 982 est„
744 900 934 967 schol.
978 902 1193 981 tradit,
1238 901 1572 967 nonnullos
1614 896 1898 987 ἅπόπρο
1945 899 2276 980 scripsisse
2322 918 2507 982 prae-

256 1004 570 1086 positione
612 1022 729 1086 per
770 1004 1205 1086 pleonasmum
1274 1003 1521 1069 addita:
1574 1004 1760 1081 ,τινὲς
1827 1002 1901 1070 δὲ·
1964 1008 2084 1069 τοῦ
2150 997 2506 1088 ἀπόπροθι

255 1096 621 1194 ’ἀποκοπὴν
666 1103 828 1172 αὐτὸ
864 1105 1255 1189 νομίζουσιν.
1293 1141 1381 1185 „—-
1431 1105 1976 1187 Praepositionem
2017 1099 2234 1170 ὑπαί
2270 1104 2506 1186 Tyran-
2576 1104 2589 1109 ”

254 1209 364 1275 nio
407 1209 789 1290 gravandam
819 1208 1064 1274 censuit
1095 1202 1457 1295 ἡγούμενος
1503 1203 1643 1274 ἀπὸ
1689 1209 1809 1275 τοῦ
1853 1203 2127 1275 ὕπαιθα
2150 1198 2320 1273 εἶναι
2343 1206 2508 1272 κατὰ

247 1305 496 1389 πάθος
539 1308 615 1376 τὸ
661 1315 778 1398 τῆς
822 1306 1181 1395 ἀποκοπῆς
1239 1310 1430 1376 schol.
1475 1309 1550 1375 Il.
1591 1310 1711 1376 XV
1755 1308 1828 1391 4,
1894 1320 2131 1392 neque*
2168 1309 2506 1377 dissentire

254 1413 509 1479 videtur
551 1412 756 1495 Epim.
800 1411 835 1476 I
877 1409 1006 1475 418
1049 1405 1089 1498 ἡ
1136 1404 1313 1479 ὑπαί
1354 1411 1616 1496 λέγεται
1662 1412 1773 1478 καὶ
1819 1404 1976 1478 ἶίνευ
2042 1415 2158 1495 τῆς
2199 1416 2279 1483 231}
2346 1408 2501 1497 παρ’

250 1510 580 1598 Ἀλκμᾶνι.
672 1515 801 1581 Sed
840 1515 1021 1579 illum
1065 1514 1443 1597 deprecatur
1486 1514 1916 1595 Herodianus,
1980 1513 2310 1597 ipsamque
2354 1533 2503 1596 apo-

258 1636 462 1700 copen
505 1617 782 1690 excludit
825 1616 1161 1682 diversitas
1203 1618 1487 1683 merismi
1531 1616 1619 1701 [p.
1663 1614 1840 1702 244}

433 1718 1055 1786 Coniunctiones
1119 1718 1309 1785 huius
1363 1718 1679 1801 passionis
1726 1718 1982 1785 minime
2027 1723 2320 1801 expertes
2365 1737 2507 1786 esse

255 1822 626 1905 Apollonius
671 1820 1051 1889 vociferatur
1073 1819 1220 1887 490.
1254 1821 1338 1887 20
1383 1820 1458 1888 τὸ
1506 1824 1665 1908 γοῦν
1706 1818 1801 1903 ,,ὅ
1842 1846 1961 1906 μοι
2007 1823 2196 1910 γέρας
2243 1821 2506 1906 ἔρχεται

257 1918 477 2013 &affl
546 1921 663 1991 οὐκ
712 1917 793 1990 ὅν
861 1949 1029 1992 ποτε
1105 1919 1609 2010 ἀποδεξαίμην,
1677 1919 1860 1990 καθά
1928 1948 2103 2002 τινες
2161 1917 2506 2012 ᾠήθησαν,

257 2020 521 2117 ὄρθρον
567 2024 711 2094 ἀντὶ
757 2027 1120 2112 συνδέσμου
1164 2029 1662 2115 παρειλῆφθαι,
1728 2025 1984 2110 μᾶλλον
2012 2025 2105 2101 ,δὲ
2150 2023 2508 2117 ἀποκοπὴν

256 2121 434 2197 εἶναι
484 2126 631 2198 ἀντὶ
675 2133 793 2196 τοῦ
840 2127 959 2196 ὅτι.
1052 2129 1180 2196 Sed
1220 2147 1302 2194 ne
1346 2129 1568 2195 eodem
1611 2130 1798 2195 modo
1841 2129 2341 2197 coniunctionem
2392 2131 2506 2196 du-

252 2232 589 2298 bitativam
632 2224 670 2318 ἦ
718 2250 796 2298 ex
839 2224 968 2319 ἦρα
1013 2225 1204 2319 (ἆρα)
1250 2232 1565 2299 concisam
1585 2236 1771 2313 putet
1813 2227 1971 2300 ὡσεὶ
2020 2234 2207 2316 δῶμα
2252 2236 2366 2313 δῶ,
2412 2234 2506 2299 dif-

254 2335 559 2402 versitate
603 2327 1075 2417 significationis
1117 2335 1412 2416 impediri
1456 2352 1527 2400 se
1572 2333 1681 2411 ait.
1769 2334 1975 2400 Huius
2017 2335 2297 2402 rationes
2363 2336 2501 2403 illu-

255 2437 485 2504 stravit
524 2435 827 2504 Lehrsius
874 2436 1131 2517 Quaest.
1175 2436 1278 2503 58.
1365 2436 1461 2503 Ac
1505 2437 1586 2504 de
1640 2435 1849 2519 priore
1916 2437 2087 2520 quod
2149 2438 2333 2520 dicit,
2397 2438 2507 2505 diu

146 2557 153 2562 ·
252 2556 371 2621 pro
413 2538 738 2620 explorato
782 2539 930 2607 fuit:
1001 2540 1076 2606 τὸ
1125 2535 1166 2607 ὅ
1222 2534 1545 2628 ἀποκοπή
1590 2543 1709 2606 τοῦ
1776 2535 1881 2606 ὅτι
1928 2539 2119 2606 schol.
2164 2540 2238 2606 Il.
2282 2542 2317 2607 I
2364 2541 2504 2623 120,

256 2639 374 2707 Od.
419 2639 520 2706 III
567 2640 719 2721 146;
765 2644 880 2709 sed
921 2642 1109 2710 hodie
1150 2643 1336 2723 iacet,
1380 2660 1589 2724 neque
1619 2642 1954 2724 quisquam
1988 2643 2249 2710 dubium
2291 2643 2503 2725 habet,

261 2744 762 2811 coniunctionem
804 2747 1122 2812 causalem
1167 2748 1234 2811 et
1274 2744 1342 2809 in
1385 2741 1630 2812 Graeco
1683 2764 1971 2813 sermone
2037 2751 2106 2813 et
2168 2745 2236 2811 in
2277 2746 2505 2813 Latino

179 2931 186 2936 ᾖ
251 2851 598 2930 nostroque
643 2845 1023 2916 Germanico
1055 2853 1137 2915 et
1178 2846 1552 2930 aequalibus
1593 2868 1940 2931 pronomen
1983 2867 2128 2916 esse
2149 2849 2502 2916 relativum.

254 2949 352 3016 De
396 2946 599 3017 altero
644 2950 959 3017 disserere
1005 2967 1548 3033 supervacaneum
1592 2956 1710 3017 est.
1760 2987 1832 3000 -
1887 2951 2070 3031 Quod
2099 2956 2319 3019 auctor
2343 2950 2500 3041 Syn-

254 3070 495 3135 agogae
536 3053 604 3118 in
644 3052 845 3122 Bekk,
868 3052 1103 3120 Anecd.
1140 3052 1284 3119 353.
1336 3052 1416 3119 18
1460 3054 1797 3137 expromit:
1844 3044 1929 3120 αἶ
1974 3051 2049 3119 τὸ
2097 3045 2343 3140 ὄφελον
2387 3077 2499 3139 ση-

253 3151 474 3236 μαίνει
517 3149 655 3219 κατ’
706 3150 1058 3242 ἀποκοπὴν
1132 3161 1249 3223 τοῦ
1318 3151 1480 3223 αἴθε
1549 3156 1615 3223 in
1658 3156 2227 3224 Proschematismo
2268 3177 2329 3239 p.
2377 3155 2502 3223 245

253 3255 533 3322 breviter
574 3257 931 3339 perstrinxi.
966 3295 1031 3306 -
1073 3257 1170 3324 De
1214 3259 1516 3325 adverbio
1560 3260 1597 3322 λ
1612 3256 1666 3336 ι’,
1714 3259 1883 3341 quod
1926 3258 2342 3340 Epicharmus
2386 3277 2502 3341 pro

253 3357 402 3426 λίαν
466 3360 754 3442 posuisse
819 3359 1048 3425 dicitur
1061 3410 1078 3440 ‚
1144 3360 1313 3427 idem
1357 3362 1526 3444 quod
1591 3362 1670 3427 de
1726 3360 2033 3427 consimili
2093 3359 2230 3448 βρί
2295 3362 2499 3445 suspi-

252 3468 433 3529 catus
476 3480 647 3541 sum,
690 3466 913 3543 poetas
958 3480 1035 3527 ex
1080 3464 1390 3546 synthetis
1438 3458 1800 3552 λιπόνηρος
1844 3469 1911 3529 et
1950 3459 2281 3552 βριήπυος
2325 3483 2499 3531 occa-

252 3565 494 3634 sionem
540 3567 831 3646 captasse
875 3562 1152 3647 fingendi
1186 3566 1511 3649 simplicia,
1556 3570 1786 3632 natura
1829 3569 2045 3633 autem
2085 3562 2316 3633 neutra
2358 3586 2501 3635 esse

250 3665 704 3733 adiectivorum
747 3662 899 3749 βρίς
943 3672 1010 3732 et
1053 3665 1187 3748 λίς,
1240 3670 1409 3751 quod
1475 3670 1531 3735 si
1599 3687 1742 3735 cum
1786 3668 2179 3735 substantivo
2237 3667 2341 3749 λίς
2406 3671 2498 3735 leo

250 3767 719 3850 componimus3
795 3770 1049 3851 proprie
1126 3769 1378 3854 ,fortem
1454 3769 1841 3854 significasse
1907 3773 2174 3839 videtur.
2220 3772 2307 3860 [p.
2353 3774 2498 3859 292,

159 3913 167 3928 .
248 3890 387 3953 cap.
431 3869 576 3950 Vn,
622 3869 655 3934 1
697 3869 824 3935 200
869 3888 982 3953 sq„
1025 3871 1257 3939 Parall.
1307 3872 1476 3960 120.]
