2946 4928
435 350 566 422 234
1206 352 1346 420 DIS
1358 352 1772 420 SERTATIO
1814 352 1957 420 VII.

438 533 500 599 p.
569 514 710 584 111.
838 515 1077 583 Iustius
1153 517 1279 585 huc
1351 517 1630 587 refertur
1693 520 1932 602 proprii
2009 511 2275 596 Ταλαός
2336 516 2681 600 genitivus.

442 623 785 708 Ταλαῷο
830 619 998 704 μετὰ
1044 625 1164 687 τοῦ
1224 625 1259 691 ἶ
1309 621 1503 698 τιν-’ές
1595 614 1672 709 ἦν
1717 621 1865 710 γὰρ,
1914 622 2107 710 φασὶ,
2160 622 2488 687 Ταλαοῖο·
2584 614 2682 686 Οὔ

433 721 811 809 κατεπείγει
890 724 998 792 δὲ·
1087 720 1228 791 ἀπὸ
1310 724 1435 811 γὰρ
1512 728 1643 789 τῶν
1720 720 1816 804 εἷς
1889 762 1960 803 ως
2039 750 2112 791 ει
2087 719 2325 792 ’θειῶν
2400 718 2681 789 ἇττικῶν

437 826 726 893 κέκλιται
792 826 904 893 καὶ
973 827 1375 915 πλεονασμῷ
1442 833 1561 893 τοῦ
1638 864 1667 899 0
1748 824 1834 907 ὥς
1919 826 2184 908 Mirum,
2269 823 2679 913 Ἀνδρογέωο

436 928 581 994 ΕΜ.
628 927 772 995 746.
823 928 919 994 10.
1016 930 1316 996 Ταλαοῖο
1369 929 1530 995 illud
1572 931 1808 1013 legitur
1870 932 1937 997 in
1979 931 2183 1014 Apoll.
2228 930 2379 1013 Arg.
2422 928 2491 994 H
2539 927 2679 996 111.

432 1031 695 1115 Ignotus
759 1051 911 1098 vero
976 1036 1078 1098 est
1141 1032 1455 1114 genitivus
1534 1037 1607 1096 M
1622 1031 1650 1098 ι’
1665 1060 1696 1097 v
1711 1059 1765 1099 ω
1778 1060 1812 1098 ο
1877 1032 1957 1098 ab
1999 1033 2362 1100 Herodiano
2427 1033 2679 1113 allatuS,

433 1154 624 1218 quem
664 1134 1039 1201 Eustathius
1088 1135 1272 1200 1830.
1319 1133 1403 1199 60
1446 1153 1591 1200 cum
1634 1138 1909 1203 Πετεῶο
1979 1141 2045 1201 et
2082 1131 2486 1225 Ἀνδρογέωο
2533 1154 2678 1203 oon·-

434 1241 661 1319 sociat,
730 1239 1030 1320 additque
1081 1239 1170 1305 ad
1211 1244 1567 1304 extremum
1615 1231 1690 1324 ἦν
1734 1238 1810 1306 δὲ
1854 1234 1968 1318 ὃν,
2036 1241 2239 1329 φασὶ,
2302 1240 2414 1307 καὶ
2442 1233 2683 1318 ’Ἄθως

427 1338 681 1425 Ἀθῶο,
728 1338 790 1408 εἰ
829 1341 921 1430 μὴ
967 1336 1213 1408 ἐκώλυε
1258 1341 1334 1408 τὸ
1380 1342 1624 1424 μέτρον
1667 1340 1731 1406 ἔν
1775 1347 1866 1430 τῷ
1923 1337 2042 1423 ,ιέξ
2078 1338 2309 1410 ’Λθόω
2355 1341 2471 1417 ἐπὶ
2517 1339 2679 1410 πόν·

433 1448 606 1511 τον.“
712 1445 851 1511 Hoc
913 1443 1314 1510 Herodianus
1382 1446 1473 1511 sic
1543 1450 1617 1510 ut
1683 1440 1913 1523 Κόως,
1978 1440 2161 1531 φόως
2227 1446 2681 1530 amplificatum

429 1548 680 1631 putavit
722 1564 955 1630 genere
997 1547 1106 1613 illo
1152 1547 1452 1614 diectasis
1496 1549 1746 1613 inverso
1759 1598 1775 1627 ,
1841 1549 2011 1631 quod
2052 1550 2120 1615 in
2160 1548 2681 1633 Rhematologiae

429 1651 877 1718 dissertatione
931 1651 1176 1717 decima
1226 1650 1542 1742 illustravi
1556 1701 1571 1731 ,
1637 1670 1694 1716 v.
1738 1651 1982 1717 Pathol.
2025 1652 2290 1718 Elemm.
2334 1652 2368 1718 1
2411 1648 2533 1717 471
2584 1670 2678 1734 sq.

430 1755 660 1822 Minois
704 1753 873 1820 filius
918 1754 1291 1835 Androgeus
1335 1760 1440 1821 sat
1481 1759 1668 1820 notus
1712 1754 2001 1837 habetur,
2046 1757 2178 1822 sed*
2195 1757 2378 1822 deest
2419 1755 2681 1837 genitivi

431 1862 649 1924 auctor
692 1876 885 1939 quum
931 1857 1121 1936 illius,
1167 1875 1355 1938 quem
1399 1856 1802 1924 Herodianus
1848 1857 2059 1940 affert,
2123 1863 2263 1925 tum
2317 1859 2516 1925 etiam
2563 1859 2678 1924 du-

428 1961 680 2044 pliciter
725 1959 920 2039 aucti,
988 1960 1167 2050 cuius
1211 1961 1447 2027 mentio
1504 1965 1605 2026 est
1646 1960 1790 2028 EM.
1843 1961 1983 2027 102.
2028 1961 2112 2027 39
2171 1957 2586 2049 Ἀνδρόγεως
2635 1955 2678 2049 ἧ

431 2062 653 2150 γενικὴ
693 2057 1051 2155 Ἀνδρόγεω
1098 2063 1207 2129 καὶ
1253 2064 1660 2152 πλεονασμῷ
1707 2090 1824 2130 τοι
1872 2101 1901 2136 0
1964 2063 2076 2130 καὶ
2125 2098 2160 2135 σ
2213 2060 2679 2149 Ἀνδρογέωος.

428 2166 657 2232 Nullus
700 2167 1252 2248 grammaticorum
1294 2170 1472 2233 novit
1514 2172 1591 2231 Π
1601 2168 1884 2257 ηνελέω
1903 2192 1969 2239 ο,
1994 2168 2195 2249 quod
2236 2167 2310 2233 Il
2354 2166 2510 2232 XIV
2553 2165 2679 2234 489

429 2288 508 2335 ex
549 2268 787 2335 Harlei.
848 2275 1174 2353 receptum
1219 2274 1320 2336 est
1375 2290 1491 2353 pro
1537 2272 1903 2358 Πηνελέωο
1946 2276 2437 2337 consentaneum
2479 2271 2680 2336 nomi·

425 2373 639 2454 nativo
682 2372 1057 2461 Πηνέλεως,
1105 2392 1229 2456 quo
1273 2373 1590 2440 Homerus
1634 2375 1837 2440 utitur
1883 2374 2164 2457 saepius,
2211 2377 2278 2439 et
2320 2374 2679 2440 accusativo

424 2471 772 2565 Πηνέλεων
835 2477 902 2541 ιιι
944 2476 1139 2560 Peplo
1185 2478 1548 2543 Aristotelis
1604 2498 1659 2543 v.
1704 2480 1745 2544 2
1801 2478 2020 2562 (Anth.
2066 2477 2226 2560 App.
2272 2476 2412 2561 IX).
2503 2477 2676 2543 Num

425 2577 832 2646 Aristarchus
876 2580 1035 2647 haec
1078 2580 1290 2646 omnia
1336 2600 1375 2646 a
1396 2581 1689 2663 genitivis
1732 2582 1799 2647 in
1844 2584 1933 2653 370
1975 2580 2348 2647 exeuntibus
2371 2598 2679 2647 conversa

427 2700 570 2748 esse
638 2684 964 2763 statuerit,
1053 2686 1216 2749 scire
1280 2701 1405 2749 non
1469 2684 1648 2764 licet3
1716 2685 1917 2750 nostri
1981 2683 2237 2767 quidem
2302 2683 2470 2749 docti
2483 2733 2499 2763 ‚
2567 2684 2677 2766 qui

312 2853 322 2864 ,
424 2804 641 2853 omnes
687 2786 1126 2852 declinationis
1172 2786 1487 2852 secundae
1543 2787 1851 2869 genitivos
1907 2786 2256 2869 antiquitus
2320 2787 2387 2852 in
2429 2790 2500 2851 33
2543 2791 2673 2852 ter-

423 2891 698 2956 minatos
743 2908 884 2955 esse
926 2907 1303 2971 persuasum
1345 2889 1614 2971 habent,
1670 2909 1796 2956 non
1841 2890 2000 2956 adeo
2041 2891 2226 2972 longe
2271 2888 2479 2955 aberit
2520 2890 2674 2973 quin

424 3010 533 3059 eos
576 2992 851 3074 primum
915 2993 981 3056 in
1024 2994 1138 3072 33,
1205 2998 1343 3058 tum
1407 2995 1475 3059 in
1518 2995 1595 3081 ᾧῖ,
1640 2994 1927 3060 diductos
1969 2994 2212 3074 putent.
2325 2978 2458 3058 Sed
2515 2992 2675 3061 haec

422 3096 587 3162 ratio
629 3094 888 3160 vacillat
930 3112 1025 3173 e0‚
1071 3095 1241 3176 quod
1282 3097 1538 3161 nomina
1559 3097 1914 3162 communia
1931 3112 2255 3177 nunquam
2274 3093 2399 3160 huc
2419 3099 2670 3166 exeunt,

423 3200 539 3266 sed
579 3198 838 3281 propria
877 3201 1146 3263 tannim.

596 3301 777 3380 Quod
819 3302 886 3365 in
927 3301 1135 3383 Epim
1180 3300 1487 3381 traditm·‚
1531 3320 1648 3383 pro
1694 3300 1763 3367 ἐν
1805 3247 1872 3368 et
1916 3296 2004 3378 ἐξ,
2050 3298 2104 3363 si
2147 3315 2263 3379 pro
2306 3298 2518 3365 verbis
2556 3318 2671 3382 po-

420 3408 671 3484 nantur,
718 3403 923 3469 Dores
967 3399 1098 3470 ἐνό
1145 3409 1213 3470 et
1255 3400 1387 3483 ἑξὸ
1435 3404 1677 3485 dicere,
1720 3424 1778 3469 v
1801 3402 2071 3468 Ahrens.
2114 3420 2175 3483 p.
2200 3399 2345 3482 360,
2391 3421 2433 3468 a
2452 3407 2671 3469 nostro

419 3508 742 3591 proposito
787 3507 1061 3573 alienum
1106 3513 1221 3586 est.
1272 3544 1344 3560 -
1398 3506 1771 3572 Ceterarum
1813 3505 2122 3571 vocalium
2165 3508 2382 3585 partes
2441 3504 2511 3570 in
2550 3505 2674 3571 hac

420 3629 615 3680 causa
656 3610 868 3677 nullae
913 3616 1078 3676 sunt.
1166 3609 1331 3676 Nam
1376 3610 1546 3691 quod
1586 3609 1963 3675 Eustathius
2007 3609 2349 3676 memoriae
2391 3608 2673 3690 prodidit

409 3711 479 3797 p.
526 3711 755 3779 51³3?
791 3708 854 3778 οἱ
897 3711 1175 3779 παλαιοὶ
1219 3713 1295 3777 τὸ
1346 3715 1415 3783 'cb‘
1463 3712 1532 3778 ἐν
1586 3716 1679 3799 τῷ
1747 3703 1996 3793 ,,”Ιλιον
2042 3706 2259 3776 εἷ’σω“
2326 3709 2671 3779 §uincam

420 3809 595 3885 εἶναί
639 3829 831 3902 φασι,
875 3817 1112 3882 rectius
1158 3815 1464 3882 diiudicat
1504 3813 1778 3882 Nicanor
1823 3815 1905 3882 ad
1945 3813 2020 3881 11.
2062 3813 2220 3881 XXI
2264 3813 2419 3895 125,
2482 3831 2668 3897 prae·-

419 3920 796 4003 positionem
839 3918 1006 3984 idem
1049 3918 1265 3983 valere
1307 3916 1625 3984 adverbio.
