2946 4928
448 339 531 411 26
1204 339 1761 407 mssERTA'rlo
1830 341 1936 407 v1.
1979 442 1982 443 f

448 506 903 570 consuetudine
950 504 1240 570 convenit
1281 503 1567 584 Elmsleji
1614 504 1933 569 sententia
1973 504 2055 568 ad
2099 502 2253 568 Oed.
2279 501 2408 568 Col.
2432 502 2691 584 Argum.

448 627 506 689 p.
552 606 634 673 83
683 607 779 671 ed.
826 606 1021 671 Oxon.
1067 607 1522 689 diphthongum
1563 609 1630 673 in
1673 606 2038 690 quaestione
2068 605 2340 687 positam
2358 657 2363 660 .
2382 605 2449 668 in
2471 604 2696 670 eadem

445 728 600 775 voce
666 727 783 774 nec
857 714 1003 774 ante
1047 728 1385 777 consonam
1430 716 1603 776 stare
1645 727 1833 793 posse
1875 725 2080 790 neque
2134 707 2328 790 (quod
2381 705 2512 771 huc
2548 724 2693 788 per-

330 807 353 817 *
447 811 634 894 tinet)
680 824 821 874 ante
863 814 1133 875 vocalem
1146 860 1164 892 ‚
1210 830 1407 895 quare
1453 808 1681 890 ὑϊδοῦς
1725 812 2150 878 scribendum.
2171 828 2311 876 esse
2365 814 2432 874 et
2474 804 2693 878 ὖῖΰιον

442 932 557 996 pro
601 908 850 991 υἷιδοῦς
892 920 960 980 et
1000 911 1257 984 υἷίδιον.
1342 916 1462 981 His
1508 917 1738 981 Similia
1778 913 2075 1001 μυιίδιον
2118 918 2185 978 et
2206 911 2509 979 θυείδιον
2527 935 2692 977 mor·-

444 1016 741 1079 mrz'olum
785 1021 950 1082 teste
995 1023 1230 1083 carent.
1320 1019 1720 1084 Adiectivum
1764 1015 1951 1103 γυός,
2016 1017 2184 1098 quod
2229 1015 2502 1097 Theogn.
2550 1034 2693 1083 cum

444 1114 562 1196 ὑός
607 1120 949 1200 componit,
1009 1120 1180 1202 apud
1224 1121 1470 1185 Atticos
1525 1138 1729 1200 neque
1775 1121 1865 1184 sic
1908 1135 2114 1200 neque
2159 1119 2344 1184 aliter
2386 1120 2693 1202 scriptum

444 1220 991 1302 deprehendimus.
1038 1294 1047 1300 ,
1082 1221 1563 1288 Substantivum
1607 1222 1856 1304 generis
1899 1222 2110 1286 neutri
2123 1271 2138 1301 ,
2195 1219 2363 1301 quod
2404 1221 2691 1303 plerique

442 1341 658 1388 omnes
700 1325 1018 1407 prototypi
1060 1325 1196 1390 loco
1240 1324 1505 1403 habent,
1576 1324 1709 1389 cod.
1754 1324 1930 1388 Harl.
1975 1324 2041 1387 in
2086 1322 2203 1387 Od.
2245 1321 2338 1387 VI
2387 1319 2511 1386 140
2555 1323 2692 1388 sine

440 1427 573 1490 iota
617 1424 886 1505 exhibet,
934 1422 1107 1510 γύων
1148 1445 1263 1508 pro
1311 1424 1544 1512 γυίων»,
1593 1427 1771 1507 cuius
1815 1425 2082 1491 formam
2127 1426 2476 1505 sequuntur
2519 1443 2689 1491 coni-

441 1527 650 1607 posita
695 1523 1079 1613 ὁεξιόγυιος,
1131 1525 1470 1613 ὗψίγυιος,
1525 1525 1809 1613 ἓνίγυιος
1851 1532 1967 1592 ete.
1999 1532 2092 1591 'et
2133 1525 2330 1590 verba
2350 1526 2691 1592 Homerica

442 1633 686 1712 γυιοῦν,
736 1624 1121 1714 ἆᾱτογυιοῦνξ
1167 1647 1310 1694 cum
1355 1629 1557 1696 altero
1599 1648 1751 1695 vero
1788 1622 2123 1717 ἆμφίγιὶος
2168 1633 2528 1693 consertum
2569 1648 2686 1710 pu-

437 1735 627 1810 tatur,
675 1733 741 1796 et
784 1731 865 1795 ad
907 1730 1074 1795 hunc
1097 1731 1355 1796 modum
1397 1733 1593 1797 etiam
1626 1731 1820 1797 verba
1863 1731 1974 1795 illa
1997 1748 2187 1811 saepe
2208 1731 2681 1813 imminuuntur,

445 1853 500 1897 v.
547 1832 746 1916 Heyn.
794 1833 876 1898 ad
919 1833 991 1898 11.
1036 1833 1197 1897 XIII
1245 1831 1383 1904 147.
1456 1834 1593 1910 Quo
1635 1834 1962 1898 intellectu
1985 1831 2324 1914 Sophocles
2371 1831 2686 1921 ἀμφίγυοι

440 1935 684 2015 dixerit,
728 1936 1031 2017 Elmslejo
1074 1934 1156 1998 ad
1200 1933 1354 1999 Oed.
1401 1934 1468 1999 O.
1499 1932 1663 1999 1493
1708 1937 2018 2000 incertum
2061 1934 2338 2006 videtur:
2364 1935 2682 2020 fortasse,

438 2038 670 2118 inquit,
737 2060 821 2122 γε
838 2035 911 2103 ίτ
933 2062 1115 2115 ονας
1156 2036 1497 2122 εἰζᾳηῄῒσαι,
1564 2057 1789 2120 nempe
1856 2056 1895 2102 a
1936 2038 2281 2102 masculino
2335 2025 2523 2124 72'2179⁸
2553 2042 2683 2105 sive

439 2135 562 2221 γύα
578 2188 595 2217 ,
666 2144 857 2220 atque
922 2140 1069 2204 hinc
1133 2141 1328 2204 etiam
1372 2139 1604 2229 Graeci
1648 2141 2033 2222 antiquiores
2089 2140 2403 2205 duxerunt
2453 2160 2683 2207 nomen

436 2242 759 2307 nauticum
814 2238 1013 2325 γύαια
1069 2242 1136 2306 id
1191 2246 1291 2305 est
1346 2241 1598 2322 σχοινία
1666 2243 1748 2307 τὰ
1796 2237 2204 2328 πρυμνήσια,
2272 2260 2433 2323 quae
2488 2244 2681 2311 etiam

438 2338 704 2429 ἀπόγυα
751 2349 817 2409 et
837 2340 1070 2430 ἐπὶγυα
1094 2348 1399 2409 vocantur
1423 2343 1614 2425 Sum„
1661 2345 1815 2410 Hes.
1872 2345 2049 2410 Haec
2092 2345 2157 2408 in
2194 2379 2265 2390 —
2286 2346 2415 2430 ᾗῇ
2460 2346 2676 2411 demu-

437 2446 634 2511 tanda
677 2463 818 2512 esse
861 2447 989 2511 iam
1043 2445 1163 2512 diu·
1197 2445 1370 2512 credi
1415 2445 1687 2511 desitum
1733 2451 1859 2527 est,
1930 2464 2256 2529 nuperque
2299 2466 2532 2513 novum
2577 2468 2676 2514 ac-

436 2550 633 2613 cessit
671 2550 1021 2630 scripturae
1065 2549 1371 2642 pristinae
1416 2553 1854 2630 argumentum
1923 2568 2000 2613 ex
2053 2548 2313 2620 tabulis.
2333 2548 2676 2615 Athenien-

302 2671 337 2740 J
439 2653 602 2716 sium
645 2652 992 2731 navalibuS‚
1039 2652 1207 2717 unde
1252 2651 1608 2716 Boeckhius
1653 2651 1930 2715 ostendit
1970 2651 2080 2716 illa
2122 2652 2375 2716 nomina
2404 2653 2673 2734 antiqui-

431 2760 536 2820 tus
580 2773 697 2836 per
738 2757 795 2824 ὦ
841 2755 1093 2835 scripta,
1138 2758 1362 2834 postea
1384 2757 1598 2817 autem
1640 2754 1770 2817 iota
1814 2752 1905 2817 sic
1947 2756 2021 2816 ut
2061 2752 2128 2816 in
2156 2750 2674 2837 {ozqnv‘iwomis-

424 2876 573 2922 sum
617 2875 788 2936 esse,
853 2875 912 2921 v.
968 2853 1311 2940 Urlcunden
1360 2854 1515 2917 iiber
1570 2853 1690 2916 das
1747 2852 2008 2917 atti-§dte
2051 2852 2359 2917 Secwesen
2417 2874 2478 2936 p.
2533 2841 2671 2935 1‘62,

433 2958 600 3040 quod
643 2958 813 3022 idem
856 2957 1139 3038 Heynius
1183 2958 1223 3020 l.
1270 2975 1320 3021 c.
1367 2956 1701 3023 Homerico
1734 2951 2070 3043 ἅμφίγυος
2103 2956 2407 3021 accidisse
2429 2958 2676 3037 putavit

436 3058 815 3145 dspktkonyo
837 3081 959 3121 usu
983 3056 1283 3141 loquendi
1297 3057 1557 3120 abolita.
1590 3057 1982 3123 Primitivum
1995 3056 2150 3144 γύης
2171 3070 2296 3123 non
2320 3077 2472 3123 raro·
2490 3057 2674 3147 γυίης

381 3165 411 3195 ’-
444 3162 755 3241 scribitur,
803 3165 869 3225 et
904 3161 972 3225 id
1004 3177 1250 3240 quoque
1288 3159 1567 3224 admittit
1594 3160 2047 3225 Valckenarius
2092 3160 2174 3223 ad
2206 3159 2481 3236 Phoenm
2517 3158 2669 3226 645:

440 3266 729 3343 excepto,
799 3263 865 3324 si
911 3284 1131 3324 versus
1187 3260 1426 3323 brevem
1464 3262 1759 3345 postulat
1810 3260 2134 3346 syllabam.
2242 3261 2329 3325 At
2383 3263 2671 3343 equidem

435 3364 651 3429 dubito
697 3382 778 3428 an
823 3363 1010 3445 longa
1051 3380 1370 3444 nunquam
1414 3366 1788 3445 postuletur.
1876 3362 2098 3426 Brevis
2142 3363 2369 3426 recinit
2412 3381 2490 3427 ex
2529 3382 2671 3445 syn-

433 3466 624 3530 thetis
670 3464 1043 3551 τεῑράγυος,
1090 3461 1671 3554 πεντηκοντάγυος.
1745 3460 1915 3551 Γύης
1950 3468 2161 3527 autem
2207 3464 2337 3532 Sive
2363 3462 2484 3551 γῦη
2532 3483 2672 3530 cum

432 3563 704 3632 neutrali
748 3571 929 3650 γυῖον
970 3571 1235 3631 naturae
1280 3567 1553 3647 quodam
1595 3567 1840 3631 vinculo
1885 3564 2189 3630 contineri
2231 3568 2480 3629 veteres
2527 3583 2670 3630 con·

435 3669 739 3747 sentiunt,
807 3686 1011 3748 neque
1053 3686 1178 3733 non
1222 3669 1532 3749 suspicari
1557 3656 1724 3732 *licet
1786 3672 2001 3748 partes
2057 3667 2195 3746 agri
2248 3667 2535 3747 discripti
2598 3685 2670 3732 ac

435 3770 688 3834 limitati
731 3772 943 3835 vocari
986 3774 1132 3855 γυῖα
1175 3769 1242 3833 id
1286 3775 1387 3835 est
1428 3770 1700 3833 membra
1743 3773 1810 3833 et
1852 3785 1995 3833 cum
2038 3766 2492 3848 significatione
2535 3785 2670 3833 cer-

429 3877 534 3936 tae
577 3889 910 3962 mensurae
956 3867 1117 3956 γύας
1170 3872 1422 3958 ιὶιρενας
1494 3873 1823 3953 ipsumque
1879 3866 2062 3955 γυιός
2128 3870 2259 3935 Sive
2313 3866 2470 3954 γυός
2524 3872 2668 3936 con-

431 3972 779 4037 cedendum
837 3977 937 4036 est
998 3991 1111 4053 pro
1158 3966 1387 4056 ὄῖγυιος
1453 3974 1586 4037 Sive
1631 3968 1971 4055 λιπόγυιος
2014 3972 2166 4050 dici;
2235 3971 2312 4036 de
2355 3966 2670 4052 ὖπόγυιος

428 4093 611 4140 nemo
657 4074 978 4153 dissentit,
1035 4060 1121 4138 et'
1158 4075 1223 4138 id
1267 4093 1516 4157 quoque
1560 4072 1896 4148 obliterata
1935 4074 2188 4141 notione
2231 4073 2488 4155 propria
2531 4091 2667 4138 sae-

427 4179 684 4260 pissime
730 4178 864 4241 sine
907 4176 1038 4240 iota
1081 4177 1400 4259 scriptum⁴
1431 4180 1547 4241 est.
1573 4212 1643 4221 —
1672 4174 1916 4239 Nomen
1959 4176 2291 4261 ambiguae
2333 4176 2665 4256 potestatis

438 4280 654 4344 adiicit
696 4277 1005 4343 Arcadius
1048 4275 1150 4359 97,
1195 4278 1278 4344 23
1345 4277 1427 4345 τὰ
1496 4276 1607 4345 διὰ
1665 4280 1782 4344 τοῦ
1834 4280 1938 4351 ῧῖῖ
1993 4273 2359 4361 δισύλλαβα
2406 4301 2656 4366 noom-
