2946 4928
883 323 998 390 DE
1042 324 1494 393 EPITHETIS
1542 324 1890 394 OTIOSIS.
2365 327 2491 394 365
2531 339 2537 345 “

250 482 608 553 subiectum
652 491 719 552 et
762 487 1096 555 obnoxium
1140 488 1583 572 significantis3
1649 508 2012 573 quanquam
2072 489 2177 556 hic
2227 490 2494 574 insignis

250 589 478 654 titulus
523 591 896 684 succedente
940 582 1225 674 tempore
1270 593 1507 659 eviluit.
1598 592 1727 658 Sed
1770 593 1849 658 de
1895 593 2322 674 parallelismo
2377 595 2494 673 ali-

252 692 504 773 quando
527 693 820 759 universe
843 694 1104 760 dicetur.
1138 694 1347 760 Hicin
1369 695 1890 779 disceptationem
1912 696 2173 761 veniunt
2193 696 2498 762 vocabula

254 793 543 860 diversae
565 798 920 877 potestatis
946 798 1176 880 quibus
1204 802 1317 863 aut
1338 803 1518 863 aetas
1542 803 1655 864 aut
1677 815 1863 863 sexus
1887 803 1999 863 aut
2041 798 2193 863 ordo
2217 803 2328 863 aut
2349 817 2494 864 con·
2526 814 2530 819 ·

253 896 410 962 ditio
454 899 782 965 indicatur.
872 900 939 965 Si
981 900 1214 966 tibicen
1261 894 1612 988 αὐλητὴς
1675 896 1716 965 ἆ
1731 894 1820 987 νή
1833 926 1874 988 ρ
1916 905 2176 993 yocatur
2219 900 2398 966 Dem.
2444 919 2496 967 c.

253 999 405 1065 Mid.
422 999 572 1066 565.
588 1001 646 1083 6,
672 1000 1061 1084 significatur
1071 1003 1288 1085 procul
1302 1002 1493 1068 dubio
1508 1008 1686 1070 aetas
1696 1004 1988 1084 hominis3
2011 1020 2159 1068 nam
2182 1004 2291 1085 qui
2310 1005 2376 1069 in
2398 1004 2495 1070 lu-

253 1102 352 1168 dis
363 1103 630 1184 publicis
643 1105 1109 1184 concertabant,
1136 1105 1481 1184 secundum
1494 1110 1739 1172 aetates
1761 1104 2311 1187 dispescebantur:
2339 1108 2496 1174 παῖ-

251 1208 381 1284 des,
411 1202 715 1292 ἇγένειοι,
741 1199 994 1295 ἅνδρες.
1014 1208 1381 1291 Eodemque
1401 1209 1589 1274 modo
1620 1212 1814 1287 παῖς
1846 1210 2043 1276 atad
2059 1204 2223 1287 ιεύς
2246 1209 2494 1290 dicitur,

251 1308 418 1374 sicut
478 1313 613 1375 tres
678 1309 937 1375 Pindari
1001 1312 1161 1377 odae
1225 1312 1567 1394 inscriptae
1634 1317 1782 1379 sunt
1846 1308 2043 1377 παιδὶ
2109 1311 2369 1377 σταδὶεῖ
2430 1316 2498 1377 et

252 1411 448 1477 παιδὶ
497 1412 857 1501 παλαιστῇ,
903 1417 971 1479 et
1010 1414 1249 1496 pariter
1270 1416 1781 1481 discriminantur
1824 1411 1937 1478 filii
1992 1416 2059 1477 et
2100 1410 2268 1479 filiae
2309 1413 2491 1480 fami-

250 1513 398 1579 lias:
464 1509 670 1593 υἱεῖς
714 1509 759 1601 ἢ
823 1519 1275 1605 θυγατέρες
1320 1508 1564 1609 παῖδες
1599 1518 1667 1583 id
1711 1520 1812 1583 est
1853 1519 2063 1582 aetate
2105 1516 2287 1597 pueri
2330 1517 2491 1583 Plat.

249 1620 316 1682 et
359 1616 485 1698 alii,
530 1636 586 1683 v.
631 1617 820 1683 Proll.
868 1617 970 1683 54.
1058 1619 1431 1686 Liberorum
1477 1620 1809 1701 utriusque
1855 1636 2042 1684 sexus
2071 1637 2298 1685 nomen
2323 1638 2490 1686 com-

247 1737 437 1784 mune
482 1725 584 1785 est
608 1726 794 1801 παῖς,
841 1722 956 1787 sed
998 1721 1117 1788 hoc
1161 1723 1217 1787 si
1260 1722 1343 1787 ad
1365 1720 1664 1810 feminam
1686 1720 2084 1802 transfertur,
2130 1721 2493 1805 ambiguum

248 1827 594 1904 nuptamne
640 1822 950 1913 significet
992 1844 1074 1891 an
1118 1825 1420 1891 coelibem
1433 1875 1449 1906 ‚
1522 1844 1683 1908 quae
1748 1825 2003 1919 propria
2045 1825 2233 1890 huius
2278 1826 2489 1903 condi-

250 1924 440 1989 tionis
461 1930 614 1990 nota
637 1927 1001 2009 adiungitur
1024 1928 1274 1993 Arrian.
1298 1928 1473 1993 Alex,
1500 1928 1591 1993 IV
1620 1928 1712 1994 19.
1738 1929 1779 1994 8
1803 1929 1902 2012 (5)
1941 1924 2307 2015 Ὀξυάρτου
2330 1934 2493 2007 παῖς

249 2025 599 2112 παρθένος
632 2025 920 2117 Ῥωξάνη
967 2022 1181 2114 ὄνομα
1222 2035 1297 2095 ut
1355 2028 1657 2120 θυγάτηρ
1729 2031 2069 2117 παρθένος
2134 2033 2198 2096 ἐν
2265 2028 2489 2120 ἡλικίᾳ

247 2153 381 2212 γαμ
390 2153 468 2195 ου
510 2129 827 2198 Plutarch.
885 2132 1071 2215 Ages.
1115 2133 1209 2198 XI
1253 2133 1322 2213 3,
1389 2134 1736 2216 eodemque
1798 2133 2126 2200 intellectu
2188 2134 2253 2198 in
2300 2131 2488 2214 Soph.

248 2230 471 2297 Trach.
516 2231 640 2298 637
687 2231 849 2322 κόρη
893 2240 1112 2301 contra
1131 2236 1385 2318 ponitur
1430 2241 1513 2324 τῇ
1550 2217 1932 2324 ἐζευγμένῃ,
1977 2236 2153 2322 virqo
2187 2235 2487 2319 maritae5

230 2334 407 2401 ‚Plan
451 2337 644 2418 Legg.
688 2337 815 2404 VII
855 2337 982 2403 813
1027 2330 1156 2403 E
1128 2363 1284 2417 τοις
1346 2335 1509 2416 υιεῖς
1553 2337 1620 2405 ἐν
1665 2347 1744 2428 τῇ
1791 2337 1992 2406 πόλει
2059 2341 2309 2416 παῖδας
2374 2364 2487 2406 και

247 2431 498 2527 ἄνδρας
540 2439 651 2507 καὶ
696 2433 901 2525 κόρας
946 2439 1057 2508 καὶ
1101 2444 1438 2527 γυναῖκας,
1482 2440 1591 2506 ubi
1634 2447 1906 2524 quatuor
1949 2440 2487 2508 substantivorum

243 2541 737 2625 unumquodque
780 2561 961 2609 suam
1003 2543 1130 2609 vim
1175 2544 1434 2610 obtinet.
1524 2543 1652 2610 Sed
1695 2545 1778 2610 ad
1820 2545 2253 2626 pleonasmum
2306 2562 2482 2610 acce-

244 2645 407 2711 dunt
449 2644 755 2727 asyndeta
798 2645 985 2711 Faus·
1030 2645 1123 2712 IV
1172 2644 1249 2710 19
1296 2645 1594 2713 ἐνταῦθα
1641 2639 1795 2735 ᾧκει
1855 2643 2055 2734 κόρη
2124 2645 2242 2713 σὺν
2282 2648 2483 2735 μητρὶ

213 2747 705 2835 παρθένος,
749 2748 932 2829 isque
975 2767 1101 2816 non
1144 2748 1387 2814 tollitur
1433 2767 1526 2830 eo,
1572 2749 1742 2830 quod
1784 2767 1927 2815 cum
1970 2748 2230 2830 virginis
2265 2749 2481 2830 appel-

239 2849 478 2915 latione
520 2850 891 2932 plerumque
932 2851 1251 2917 notionem
1293 2852 1696 2933 incorruptae
1734 2851 2049 2918 castitatis
2071 2850 2481 2931 comprehen-

242 2952 471 3034 dimus,
514 2971 678 3035 quae
722 2952 803 3019 ab
847 2952 960 3019 illa
1002 2952 1202 3021 abest.
