2946 4928
385 311 471 382 55
1162 311 1719 381 mssszATIo
1785 312 1959 408 vr„
2085 399 2093 404 κ

388 479 509 546 hoc
553 483 767 552 autem
794 478 1003 545 Attice
1046 480 1113 544 in
1158 482 1225 565 ἠ’
1271 480 1505 546 mutari
1549 479 1818 567 Ioannes
1865 480 2049 545 docet
2092 479 2237 546 Acc.
2282 478 2376 546 14.
2420 480 2504 546 22
2547 480 2626 547 τὸ

384 583 599 663 ταχέε,
672 578 907 669 πήχεε,
966 584 1243 667 πρέσβεε
1289 578 1381 660 εἷς
1428 582 1489 667 ἠ’
1539 586 1961 668 συναιροῦσιν
2006 578 2070 648 οἳ
2108 579 2495 670 Ἀθηναῖοι,
2566 589 2634 650 et

388 685 861 752 Choeroboscus
928 687 1007 752 de
1053 687 1202 751 Ton.
1269 705 1330 767 p.
1398 685 1543 752 440.
1590 684 1671 751 29
1738 689 2060 751 auctorem
2114 684 2316 749 citans
2365 685 2630 752 Aristo-

385 788 659 870 phanem
673 839 689 868 ,
766 789 943 854 cuius
1014 790 1080 855 in
1148 788 1613 869 exemplaribus
1680 786 2084 854 circumflecti
2149 787 2303 852 dicit
2370 793 2631 880 πρεσβῆ

390 891 612 980 (Arist.
657 891 868 974 Frgm.
913 891 1050 957 Vol.
1097 892 1164 957 H
1212 890 1424 973 1198),
1487 891 1561 956 et
1625 910 1704 955 ex
1769 890 1990 955 eodem
2046 895 2235 971 poeta
2277 888 2476 956 refert
2518 892 2629 957 ad-

312 1076 315 1082 *
387 994 682 1059 iectivum
726 993 820 1059 τὼ
865 995 1260 1079 περικαλλῆ,
1306 995 1737 1075 praetermisit
1776 1012 1926 1059 vero
1971 992 2064 1058 τώ
2108 993 2407 1081 ξυγγενῆ,
2465 996 2634 1078 quod

336 1097 341 1106 '
388 1098 590 1163 critici
652 1098 719 1161 in
762 1097 918 1162 Avv,
962 1095 1089 1161 368
1133 1114 1248 1178 pro
1294 1096 1583 1182 ξυγγενέε
1611 1096 1662 1179 ²)
1730 1095 2133 1177 scripserunt.
2249 1096 2376 1161 Eta
2418 1102 2631 1163 autem

386 1219 511 1265 non
578 1219 618 1264 a
681 1203 913 1264 natura
975 1197 1329 1281 profectum
1374 1218 1516 1265 esse
1562 1200 1875 1282 colligitur
1919 1218 1995 1264 ex
2040 1218 2144 1279 e0,
2209 1200 2377 1281 quod
2422 1201 2629 1267 dualis

320 1357 325 1362 .
386 1309 520 1368 tres
563 1302 999 1367 tantummodo
1042 1302 1293 1367 vocales
1360 1298 1583 1367 finales
1626 1303 1881 1385 recipit,
1926 1305 1984 1385 ἶ,
2030 1301 2079 1375 ἶ
2122 1306 2188 1367 et
2234 1305 2306 1384 ἶ,
2372 1302 2628 1387 Dionys,

387 1403 962 1471 Gramm.632.17.
1026 1402 1470 1485 Compluscula
1512 1405 1874 1473 huiusmodi
1898 1405 2369 1489 Choeroboscus
2391 1408 2630 1489 passim
2701 1493 2706 1496 -

386 1504 834 1575 commemorat
900 1512 966 1572 et
1022 1506 1412 1573 Theodosius
1459 1506 1610 1575 Can.
1654 1527 1714 1591 p.
1762 1506 1905 1575 979.
1950 1508 2009 1588 8,
2054 1527 2113 1590 p..
2159 1506 2304 1574 980.
2357 1509 2463 1590 15,
2530 1510 2630 1575 vel

384 1612 552 1677 lecta
596 1602 680 1675 'in
724 1610 905 1676 libris
949 1614 1254 1691 veterum,
1322 1611 1424 1675 vel
1470 1612 1559 1677 ad
1605 1612 1958 1693 analogiam
2002 1610 2168 1677 ficta.
2261 1611 2629 1686 ,Adiectiva

383 1716 706 1797 trigenera
750 1715 857 1779 ille
904 1713 1189 1780 contrahi
1231 1718 1455 1795 negat,
1526 1709 1605 1781 οὖ
1671 1714 1793 1802 γὰρ
1852 1715 2127 1797 λέγομεν
2171 1714 2263 1779 τὼ
2308 1710 2456 1801 ἧὸἐε
2501 1712 2628 1804 ἡδῆ

384 1837 445 1901 p.
492 1817 637 1884 230.
683 1817 787 1899 20,
860 1822 1120 1898 excepto
1185 1836 1312 1883 uno
1358 1818 1611 1904 τραχέε,
1678 1836 1827 1883 nam
1884 1818 1952 1882 id
1996 1818 2193 1882 semel
2238 1823 2629 1885 contractum

386 1940 526 1988 esse
572 1921 652 1986 ab
695 1920 848 1985 Ione
893 1920 1151 2001 tragico,
1200 1920 1314 1985 sed
1359 1921 1483 1986 alio
1526 1921 1741 1986 modo:
1798 1920 1890 1985 τιὸ
1934 1924 2175 2006 τραχεῖ.
2308 1921 2489 1988 Hanc
2535 1923 2628 1988 di·
2690 1990 2694 1994 ,

384 2023 777 2107 phthongum
820 2022 1040 2104 paucis
1086 2022 1463 2104 quibusdam
1509 2023 1920 2089 substantivis
1964 2028 2252 2088 reservat
2292 2042 2352 2105 p.
2383 2022 2627 2091 164.15

387 2125 457 2191 ἐν
501 2127 644 2203 τοῖς
687 2126 935 2202 δυϊκοῖς
979 2124 1060 2190 τὰ
1109 2120 1224 2191 δύο
1270 2128 1325 2196 Ξ
1369 2121 1463 2204 εἷς
1504 2128 1559 2211 ἶ
1601 2125 1902 2212 κίρναται
1932 2163 2004 2171 -—
2058 2123 2356 2204 σπανίως
2401 2126 2477 2193 δὲ
2519 2128 2631 2196 καὶ

382 2225 477 2308 εἷς
520 2226 636 2315 τὴν
686 2229 774 2311 ΞΓ,
817 2217 955 2294 οἷον
1002 2223 1258 2314 ταρίχεε
1303 2226 1586 2316 ταρίχει,
1636 2226 1836 2296 πόλεε
1886 2228 2082 2294 πόλει
2131 2224 2287 2315 παρ’
2333 2226 2630 2320 ,Αἰσχίνῃ

383 2335 479 2418 τῷ
507 2332 898 2419 σωκρατικῷ
925 2324 1225 2409 ἆττικῶς,
1259 2332 1427 2397 unde
1455 2333 1729 2421 patescit
1762 2333 1829 2398 in
1855 2331 2265 2413 sequentibus
2288 2351 2349 2414 p.
2380 2332 2518 2399 165.
2550 2333 2624 2401 15

383 2430 705 2502 οὐδέποτε
771 2426 1017 2499 eiffela*
1071 2426 1457 2521 εὑρίσκεται
1499 2431 1593 2514 εἷς
1639 2434 2015 2524 δίφθογγον
2060 2431 2371 2520 λήγουσα.
2488 2434 2624 2503 Διὰ

383 2542 581 2605 τοῦτο
649 2530 728 2603 οὗ
794 2534 1134 2622 κίρνανται
1187 2536 1272 2603 τὰ
1319 2533 1438 2605 δύο
1486 2543 1541 2610 ἐξ
1579 2535 1683 2616 »εἷς
1725 2538 1844 2626 τὴν
1893 2539 1965 2608 ’.ε-ι.
2077 2533 2490 2624 Πρόσκειται
2549 2539 2628 2606 ἒν
2721 2602 2726 2607 ,

383 2637 662 2730 ἄρσενι
680 2642 854 2718 κοῖς
878 2637 989 2704 διὰ
1018 2637 1093 2704 τὸ
1122 2637 1399 2726 ταρίχει,
1447 2636 1670 2721 πόλει,
1719 2639 1893 2729 ὅπερ
1921 2637 2039 2707 οὐκ
2067 2636 2429 2710 ἀντίκειται
2452 2638 2626 2731 ἡμῖν,

382 2741 617 2832 ἐπειδὴ
687 2734 804 2809 οῗῖκ
871 2739 1047 2808 ἐστιν
1114 2734 1426 2828 ἀρσενικὰ
1499 2737 1666 2809 ἀλλὰ
1726 2744 2023 2832 θηλυκὰ,
2093 2740 2311 2823 ἄλλως
2379 2772 2448 2813 τε
2516 2746 2627 2812 καὶ

384 2842 658 2923 σπάνια,
731 2842 920 2911 ἅτινα
989 2839 1110 2911 οὐκ
1149 2842 1457 2933 ἔῤῥονται
1495 2845 1877 2936 (ἔρῤωνται)
1903 2843 1998 2926 εἷς
2041 2844 2443 2931 κανόναιᾶιιίῑ
2484 2855 2631 2932 post

385 2946 558 3016 ἀλλά
606 2949 915 3014 excidisse
958 2947 1153 3014 verba
1199 2947 1275 3014 τὸ
1322 2950 1444 3032 μὲν
1490 2944 1866 3038 οὐδέτερον,
1915 2949 1990 3015 τὸ
2039 2949 2113 3018 δὲ
2156 2947 2471 3039 θηλυκόν,
2520 2958 2633 3019 aut

381 3053 592 3136 potius
634 3050 813 3116 illum
857 3060 979 3132 prox
1017 3046 1267 3134 ταρίχει
1316 3051 1644 3134 scripsisse
1688 3055 1772 3118 τὰ
1818 3051 2005 3141 ράχει
2049 3054 2089 3118 i.
2134 3050 2359 3134 (1.6150
2407 3050 2630 3140 ῥάχεις

261 3214 276 3226 ,
384 3153 546 3218 duae
589 3154 811 3240 spinae
856 3155 989 3219 Sive
1035 3151 1230 3218 dorsa
1282 3155 1512 3218 montis
1540 3156 1891 3240 parallela.
2004 3156 2200 3222 Plane
2243 3159 2628 3239 praeteritur

381 3275 609 3322 nomen
675 3257 833 3322 illud
898 3257 965 3322 in
1007 3256 1243 3323 Anecd.
1288 3257 1489 3324 Bekk.
1542 3258 1707 3324 1130
1752 3252 1818 3324 et
1866 3258 2030 3326 1190
2097 3254 2473 3347 εὑρίσκεται
2516 3259 2624 3327 ,ἰαὶ

382 3358 424 3450 ἡ
482 3360 570 3432 EI:
618 3361 711 3424 za)
783 3355 980 3426 πόλει
1029 3358 1215 3444 παρὰ
1260 3365 1354 3450 τῷ
1397 3357 1693 3450 Αἰσχίνῃ
1739 3366 1876 3443 etc.,
1923 3381 2001 3428 ex
2042 3381 2167 3445 quo
2212 3363 2623 3445 cognoscitur,

381 3466 448 3529 in
472 3462 775 3530 Choerob.
822 3461 948 3527 337
994 3458 1034 3549 ἢ
1080 3458 1317 3530 εὐθεῖα
1362 3465 1494 3528 τῶν
1539 3465 1778 3530 δυῖκῶν
1823 3463 1999 3533 ἔστιν
2045 3463 2156 3533 ὅτε
2201 3469 2623 3552 συναιρεῖταιε

382 3566 474 3632 τὼ
517 3565 783 3652 βασιλῆ,
848 3564 941 3630 τώ
1012 3563 1189 3655 πόλη
1239 3561 1396 3654 παρ’
1447 3560 1738 3654 Αἰσχίνῃ
1806 3567 2205 3633 scribendum
2240 3586 2382 3634 esse
2450 3566 2627 3635 ἔστιν

383 3666 497 3733 ὅτε
524 3671 922 3753 συναιρεῖται
969 3664 1063 3745 εἷς
1085 3669 1144 3752 ἧς
1177 3669 1444 3755 βασιλῆ,
1494 3664 1795 3748 σπανίως
1840 3669 1914 3738 δὲ
1960 3667 2057 3749 εἷς
2102 3673 2181 3742 H:
2210 3666 2419 3737 πόλει.
2487 3670 2627 3736 Hoc

387 3776 600 3836 autem
666 3771 854 3836 modo
917 3770 1160 3836 librarii
1225 3772 1291 3837 in
1355 3771 1475 3838 hoc
1528 3771 1794 3838 verboso
1862 3773 2308 3839 commentario
2372 3773 2625 3856 saepius

390 3874 688 3939 alucinati
733 3877 883 3938 sunt
923 3873 1230 3939 vocabula
1273 3892 1351 3939 ex
1395 3874 1519 3940 alio
1562 3875 1699 3939 loco
1742 3875 1808 3939 in
1853 3876 2047 3943 alium
2090 3873 2624 3942 transfundentes.

381 3975 608 4058 Itaque
651 3976 1079 4059 improbamus
1125 3975 1201 4042 G.
1246 3974 1557 4042 Dindorfii
1602 3979 2001 4059 sententiam,
2061 3979 2169 4060 qui
2211 3979 2279 4043 in
2325 3978 2508 4043 Thes,
2554 3979 2623 4045 T.

383 4078 476 4144 VI
523 4076 688 4144 1348
733 4078 789 4142 Α
833 4078 1132 4145 Aeschini
1193 4074 1264 4145 'et
1306 4078 1663 4161 promiscue
1714 4079 1943 4146 Atticis
1992 4079 2170 4169 πόλη
2214 4080 2454 4161 tribuit,
2501 4081 2624 4147 etsi

521 4299 578 4367 2)
613 4302 718 4354 Pro
753 4300 992 4370 ξυγγενῆ
1028 4302 1428 4356 Choeroboscus
1446 4300 1583 4357 .440.
1624 4299 1691 4355 15
1725 4302 1879 4354 affert
1914 4296 2127 4368 εὐγενῆ.
