2946 4928
995 70 1026 107 l

584 317 699 384 DE
740 314 1537 383 PROSGHEMATISMO.
1600 314 1809 391 P.11,L
1855 314 1921 382 G.
1945 315 2026 381 IL
2072 314 2127 400 §.
2153 313 2211 381 6.
2392 311 2534 380 257

281 481 489 547 tentia
531 483 631 547 est
674 481 710 566 ξ
762 479 900 563 186,
947 481 1145 549 dativi
1185 480 1693 569 terminationem
1714 479 2096 563 primitivam
2140 477 2338 545 fuisse
2383 480 2535 567 {5423

281 585 431 651 hinc
473 589 688 650 autem
731 586 1097 666 provenisse
1141 587 1277 658 ffi-
1342 585 1747 651 Hermannus
1786 585 1872 651 de
1914 583 2035 649 ΕΠ.
2081 588 2148 651 et
2167 568 2380 648 Pleon.
2405 581 2534 649 203

283 687 543 772 (OpuSC.
614 687 681 752 T.
742 687 774 751 I
819 686 973 770 221)
1042 690 1295 770 Statuit,
1363 689 1521 754 illud
1586 692 1655 777 ’ᾠῖ
1724 686 1890 752 nihil
1957 685 2140 750 aliud
2205 706 2338 750 csse
2405 685 2541 767 nisi

282 792 351 862 Ξῖ.
399 791 527 854 alio
572 788 754 855 modo
786 793 1302 874 pronunciatum,
1373 791 1595 856 deinde
1648 814 1791 855 vcro
1821 814 1954 877 pro
2018 789 2290 877 qcm'tivo
2357 812 2536 853 usur·
2605 801 2617 807 “

277 895 449 981 pari
490 895 772 978 coeptum
816 906 886 957 ut
932 889 1069 961 ἀπὸ
1121 892 1373 984 πτυόφι
1417 907 1530 959 etc.
1570 972 1577 975 Ἰ
1639 895 1823 961 Hanc
1890 894 2314 960 coniecturam
2382 908 2539 974 quo-

290 998 626 1074 dammodo
671 997 930 1063 adiuvat
972 999 1270 1082 Hesychii
1338 1000 1551 1080 glossa
1606 994 1913 1085 Κηρόφιν
1965 995 2036 1065 ἐκ
2079 1000 2324 1087 ψυχῆς,
2391 1014 2539 1061 nam

288 1101 389 1167 his
435 1100 645 1165 verbis
690 1102 876 1183 vulgo
923 1099 1165 1190 κηρόθι
1215 1103 1515 1184 explicari
1567 1102 1759 1182 solet,
1828 1105 2018 1183 atque
2087 1099 2310 1164 crebra
2374 1099 2540 1166 inter

189 1195 196 1198 ’
293 1230 334 1269 α
349 1199 387 1269 ὗ
404 1229 440 1268 τ
456 1199 491 1268 ό
509 1227 560 1291 φ
577 1229 600 1268 ι
646 1207 713 1268 et
757 1201 851 1271 αὐ
874 1230 911 1270 τ
926 1202 960 1270 ό
980 1212 1065 1271 θι
1109 1205 1415 1271 librorum
1444 1203 1770 1270 fluctuatio
1799 1205 2341 1286 interpretumque
2386 1202 2539 1267 hae-

291 1307 523 1373 sitatiO.
624 1305 727 1371 Sic
768 1307 841 1372 11.
885 1306 1046 1372 XIII
1090 1307 1175 1372 42
1241 1306 1523 1374 ἔλποντο
1570 1310 1728 1392 νῆας
1771 1301 2084 1394 αἱρήσειν,
2139 1306 2417 1373 κτενέειν
2467 1306 2540 1372 δὲ

293 1406 451 1494 παρ’
504 1404 747 1498 αὐτόφι
816 1407 1072 1488 πάντας
1140 1405 1446 1497 ἀρίστους
1509 1410 1687 1475 Harl.
1756 1415 1821 1475 et
1886 1410 1994 1474 alii
2061 1403 2218 1497 παρ’
2292 1405 2541 1475 αὐτόθι

288 1513 628 1596 praebent,
696 1518 763 1578 et
804 1512 1025 1577 XXIII
1071 1510 1198 1578 640
1262 1512 1345 1577 τὰ
1410 1512 1690 1601 μέγιστα
1762 1508 1917 1598 παρ’
1972 1507 2223 1600 αὐτόφι
2293 1508 2540 1578 λείπετ’

297 1611 516 1682 ι’ίεθλα
561 1616 733 1698 Lips
783 1613 1025 1682 αὐτόθι
1044 1616 1124 1699 *),
1169 1617 1463 1697 idemque
1508 1616 1825 1682 invenisse
1870 1616 2320 1696 inventumque
2367 1614 2542 1679 dam-

289 1737 482 1785 nasse
528 1719 777 1784 videtur
822 1719 1195 1785 scholiastes
1239 1720 1397 1785 haec
1442 1720 1760 1785 scribenst·
1801 1713 1953 1802 παρ’
1986 1713 2229 1803 αὐτόφι
2278 1716 2399 1805 διὰ,
2422 1721 2540 1783 τοῦ

290 1827 364 1911 ’ᾳΤι
433 1819 576 1888 ἀντὶ
644 1829 763 1889 τοῦ
834 1816 989 1909 παρ’
1043 1817 1263 1900 αὐτοῖς
1320 1828 1458 1900 τοῖς
1502 1818 1882 1910 νενικηκόσι,
1976 1808 2541 1903 ῙΠῖθΥΡΥθῖθὲᾱίε-

209 1972 224 2013 ,
291 1931 556 2008 erepant
619 1925 774 1990 XIX
817 1924 941 1989 255
1013 1921 1258 2003 πάντες
1326 1920 1428 1991 ἐπ’
1494 1919 1779 2011 αὐτόφιν
1848 1924 2009 2009 (Sive
2062 1918 2177 1990 ὑπ’
2229 1918 2542 2007 αὐτόφιν)

297 2027 484 2097 εἰἀτο
532 2033 706 2117 σιγῇ,
777 2046 941 2093 unus
1008 2029 1280 2110 explicat
1327 2023 1435 2095 ὑπ’
1489 2024 1715 2108 αὐτοῖς
1759 2027 2242 2113 (Agamemnoni
2287 2032 2353 2092 et
2398 2026 2542 2091 Tal—

295 2130 560 2214 thybio),
609 2132 771 2196 alter
817 2124 920 2197 ἐπ’
973 2126 1177 2196 αὐτοῦ
1223 2132 1341 2196 τοῦ
1388 2127 1605 2197 τόπου
1629 2131 1746 2214 **),
1791 2132 1972 2213 isque
2016 2130 2287 2196 fortasse
2334 2131 2540 2196 diver-

298 2244 439 2302 sam
485 2235 864 2316 scripturam
912 2236 1249 2314 sequutus:
1298 2229 1400 2299 §⁷1²
1452 2230 1717 2314 αὐτόθι,
1763 2235 1863 2299 vel
1906 2234 2026 2300 hoc
2069 2234 2384 2317 cogitavit,
2422 2252 2541 2307 ,na-

295 2344 446 2403 tura
508 2338 762 2419 quidem
836 2341 1173 2417 utrumque
1203 2334 1472 2402 ‘differre
1486 2388 1501 2418 ,
1571 2337 1685 2402 sed
1748 2343 1964 2404 tamen
2007 2338 2321 2403 nonnullis
2386 2337 2541 2402 locis

298 2441 651 2523 aequaliter
716 2445 933 2528 aptum
1000 2458 1158 2507 esse.
1269 2438 1584 2506 Distincte
1650 2459 1799 2507 vero
1867 2445 2133 2523 apparet
2195 2441 2539 2523 pronomen

294 2545 425 2612 XII
470 2545 594 2611 302
663 2531 924 2633 εὖρῆσει
998 2538 1151 2630 παρ’
1202 2540 1445 2629 αὐτόφι
1512 2540 1816 2631 βώτορας
1882 2538 2178 2630 όῖνδρας,’
2213 2544 2403 2609 schol.
2447 2543 2541 2608 br.

299 2644 458 2736 παρ’
510 2643 729 2727 αὐτοῖς
794 2653 926 2726 τοῖς
989 2648 1257 2735 μήλοις,
1327 2650 1393 2711 et
1442 2646 1611 2712 Arat.
1654 2645 1784 2712 »980
1852 2644 1923 2714 εἷ’
1981 2673 2088 2715 κεν
2144 2642 2236 2713 ἐπ’
2297 2640 2540 2731 αὐτόφι

294 2748 751 2839 μαρμαίρωσι,
801 2752 991 2817 schol.
1036 2770 1075 2815 a
1118 2750 1412 2815 Bekkero
1456 2755 1776 2816 correctus
1822 2746 1925 2818 ἐπ’
1978 2746 2185 2817 αὐτοῦ
2252 2753 2370 2815 τοῦ
2431 2745 2543 2815 Mt·

294 2880 474 2936 χνου.
568 2854 921 2920 Diversitas
966 2871 1115 2919 vero
1167 2854 1313 2918 hinc
1355 2854 1644 2934 patescit,
1712 2853 1879 2935 quod
1924 2843 2170 2921 αὐτόθι
2244 2853 2309 2917 in
2375 2852 2544 2917 omni

190 2986 216 3015 t
295 2975 532 3038 genere
579 2956 884 3027 sermonis
929 2957 1264 3038 pertritum
1308 2960 1425 3036 est,
1487 2956 1688 3021 altero
1731 2960 1958 3038 poetae
2003 2960 2297 3022 utuntur
2317 2956 2434 3022 soli
2479 2961 2545 3020 et

161 3102 184 3109 -
293 3058 367 3124 id
412 3059 626 3125 addito
673 3043 978 3142 persaepe
1026 3065 1100 3126 νῦ
1142 3059 1547 3141 paragogico,
1615 3059 1783 3141 quod
1827 3059 2128 3125 adverbia
2170 3078 2286 3142 per
2328 3064 2391 3130 ,ξι
2437 3079 2541 3125 ex-

299 3164 519 3227 euntia
577 3163 643 3227 in
707 3167 909 3229 totum
974 3162 1327 3245 repudiant.
1458 3161 1680 3244 Neque
1745 3163 1948 3228 solum
2007 3157 2253 3251 αὐτόφι
2299 3163 2378 3228 ab
2424 3182 2545 3228 usu

301 3266 615 3331 communi
661 3267 983 3332 exclusum
1027 3271 1143 3346 est,
1190 3266 1305 3331 secl
1347 3265 1467 3330 hoc
1510 3285 1709 3348 genus
1753 3267 2117 3332 universum
2132 3316 2147 3346 ,
2214 3265 2337 3330 nisi
2380 3263 2543 3331 forte

300 3365 623 3450 Sicyonios
669 3369 1030 3451 excipimus,
1076 3386 1234 3450 quos
1265 3386 1459 3449 quum
1481 3368 1849 3451 Apollonius
1872 3370 2182 3450 genitivos
2206 3368 2542 3450 singularis

295 3473 548 3537 numeri
594 3469 945 3560 ἀπειράκις
987 3472 1123 3536 huc*
1151 3472 1500 3553 producere
1545 3471 1722 3537 dicit:
1765 3474 2016 3554 χα-λκοῦ
2057 3470 2370 3559 χαλκόφι,
2418 3491 2542 3536 non

298 3576 506 3665 solum
548 3581 769 3659 poetas
814 3573 1168 3657 significare
1210 3575 1491 3656 videtur,
1560 3574 1674 3640 sed
1715 3574 1989 3657 vulgum.
2040 3612 2112 3623 --
2163 3573 2298 3640 Nec
2342 3576 2544 3641 solum

298 3697 446 3744 cum
487 3683 552 3751 Ξῑι
593 3696 1039 3760 nonnunquam
1083 3679 1456 3744 commutari
1498 3682 1711 3760 potest
1749 3680 1838 3767 ᾧῖ,
1885 3677 1999 3745 sed
2044 3679 2237 3744 etiam
2281 3697 2423 3744 cum
2458 3682 2545 3751 Ξῖ,

297 3777 404 3848 Ita
425 3780 752 3864 Oppianus
776 3781 925 3865 Cyn.
946 3779 1073 3847 116
1120 3778 1348 3871 ἷξυόφι
1397 3782 1571 3863 dixit,
1617 3782 1854 3848 Aratus
1898 3802 2047 3848 vero
2087 3780 2209 3848 144
2253 3779 2544 3863 ἷξυόθεν·

298 3881 382 3948 ab
427 3879 499 3950 ἐκ
548 3882 851 3972 θεόφιν
893 3885 966 3950 11.
1010 3884 1197 3951 XVII
1224 3885 1339 3952 101
1390 3886 1473 3951 ad
1517 3889 1774 3952 sensum
1816 3886 1972 3951 nihil
2015 3884 2229 3952 differt
2272 3886 2343 3952 ἐκ
2389 3883 2549 3953 θεό-

439 4055 497 4122 *)
530 4057 794 4111 Bekkeruc
828 4066 874 4111 et
907 4059 997 4111 hoc
1029 4067 1243 4128 utroque
1277 4060 1573 4114 locoetXX
1585 4056 1687 4113 140
1723 4060 1927 4127 (dequo
1943 4078 1989 4111 v.
1999 4078 2059 4127 p.
2077 4058 2207 4126 255)
2227 4057 2536 4113 etX11302

297 4143 390 4209 (dc
421 4161 523 4212 quo
556 4145 723 4213 paulo
753 4143 929 4213 infra)
966 4138 1282 4216 παραὺτόθι
1324 4147 1546 4214 hyphen.
1581 4149 1650 4215 qs.
1689 4146 1842 4199 Patk.
1881 4148 1915 4212 1
1948 4144 2069 4202 611.

439 4229 531 4296 *³⁸9
572 4232 659 4284 Ita
694 4232 821 4285 Lob.
872 4231 1095 4286 Bekkeri
1134 4232 1285 4285 schol.
1333 4233 1472 4286 Victa
1524 4229 1582 4285 τὸ
1647 4232 1769 4301 ἑξῆς
1827 4230 2057 4304 ὑφείατο
2095 4231 2279 4285 αὐτοῦ.
2333 4224 2365 4295 ἢ
2425 4226 2524 4281 ἀπ’

304 4313 516 4370 αὐτοῦ
556 4319 627 4386 τῷ
664 4337 719 4372 τε
748 4315 1123 4389 Ἀγαμέμνονι
1159 4320 1252 4372 καὶ
1293 4320 1608 4389 Ταλθυβίῳ.
2268 4385 2271 4388 Α

410 4400 641 4454 Labeon,
668 4404 837 4449 Pamoi.
867 4403 923 4445 11.
2101 4386 2177 4453 17
