2946 4928
453 325 576 395 106
788 302 805 311 ’
1206 324 1764 392 msssnTATlo
1833 326 1940 393 vl.

445 501 581 554 zeta
622 509 739 572 pro
785 486 1041 567 δίαιτα,
1087 509 1293 573 neque
1335 487 1567 571 obstat,
1634 490 1803 572 quod
1867 488 2111 572 syllaba
2152 490 2223 562 ῐῑί
2267 492 2415 555 ante
2457 492 2507 569 ’ζ
2561 509 2688 557 nor.

446 594 832 676 producitur,
875 613 1024 659 nam
1066 594 1225 660 haec
1238 578 1545 660 'consona
1562 594 1814 676 saepius
1838 594 2120 659 vocalem
2140 593 2400 659 brevem
2420 594 2688 675 patitur;

447 700 731 762 ceterum
802 697 1119 763 Planudes
1192 698 1465 763 correxit
1543 700 1732 764 πέντε
1815 694 2153 765 διακόσιοι
2178 744 2194 772 ,
2284 695 2690 763 Hermannus

444 799 712 865 Elemm.
777 798 859 864 55
904 794 1231 881 vulgatum
1294 801 1613 882 imperitia
1678 801 1955 868 auctoris
2020 804 2309 880 excusat,
2379 797 2688 867 Corinnae

446 901 843 984 trisyllabum
887 903 950 969 δι
959 906 1202 980 ανεκῶς
1245 903 1413 968 ultro
1456 905 1825 970 concedens.

620 1006 667 1072 ἲ
711 1008 779 1070 et
824 1006 871 1074 ἶ
921 1005 988 1069 in
1041 1005 1442 1071 nominativis
1484 1008 1824 1086 nominum,
1869 1023 2139 1088 quorum
2180 1005 2367 1071 modo
2410 1005 2684 1086 memini,

448 1109 514 1174 in
560 1108 626 1177 T
669 1107 953 1173 contrahi
1019 1113 1240 1173 auctor
1305 1112 1408 1172 est
1471 1107 1949 1174 Choeroboscus
1995 1106 2174 1173 Orth.
2218 1105 2363 1174 267.
2410 1107 2449 1173 3
2497 1108 2686 1195 παρὰ

446 1212 523 1276 τὸ
570 1203 1154 1298 πόλίες,ὂ’φιες
1197 1207 1444 1294 γίνεται
1491 1205 1763 1292 πόλις,
1799 1204 1999 1296 ὄφις.
2087 1210 2207 1275 His
2231 1210 2422 1276 schol.
2444 1209 2687 1276 11.V1.o

445 1314 662 1380 adiicit
702 1313 910 1379 crasin
955 1313 1234 1395 syllabae
1257 1314 1530 1394 primae:
1577 1309 1795 1400 ἱρούς
1842 1310 1969 1379 α’πὸ
2016 1316 2136 1380 τοῦ
2182 1306 2450 1398 ἱερεύς
2494 1309 2685 1399 συνή-

448 1418 716 1484 λειπται
784 1411 870 1494 ὡς
937 1412 1232 1494 πόλιες
1288 1412 1545 1495 πόλις.
1628 1412 1802 1503 Ἶρός
1874 1420 1942 1481 et
2008 1416 2292 1482 derivata
2354 1419 2687 1496 poetarum

447 1521 838 1587 scenicorum
869 1519 1144 1585 editores
1177 1519 1430 1600 saepius
1464 1520 1531 1584 in
1558 1519 1820 1584 canticis
1845 1518 2251 1600 scripserunt,
2296 1537 2353 1583 v.
2376 1517 2685 1586 Fritzsch.

447 1624 530 1690 ad
575 1623 824 1689 Thesm.
874 1620 1059 1703 1068,
1104 1620 1387 1687 Dindorf.
1435 1622 1620 1688 Thes.
1646 1623 1714 1688 T.
1738 1622 1831 1688 IV
1875 1625 1943 1687 et
1983 1622 2067 1687 ad
2088 1620 2315 1686 Aesch.
2340 1619 2512 1702 Sept.
2538 1610 2686 1702 264,

446 1727 815 1809 plerumque
860 1725 1106 1792 codices
1152 1726 1422 1809 sequuti,
1459 1730 1528 1790 et
1568 1723 1932 1791 Dindorfius
1976 1725 2043 1789 in
2087 1722 2394 1805 colloquio
2436 1743 2686 1807 quoque

448 1828 635 1910 Soph.
660 1828 835 1894 ‚Oed.
897 1828 964 1894 O.
1016 1825 1093 1893 16
1160 1828 1257 1892 ed.
1300 1828 1473 1911 LipS.
1518 1828 1645 1909 III,
1710 1828 1905 1894 libros
1972 1828 2241 1909 optimos
2307 1831 2685 1908 antestatuS,

446 1949 715 2013 quorum
778 1916 956 1995 nulla
1016 1934 1118 1996 est
1184 1929 1355 2012 apud
1418 1929 1857 1996 Hermannum
1919 1931 2154 1997 mentio
2178 1930 2252 2013 ⁴).
2368 1929 2685 1995 Homerus
2821 1955 2830 1958 ·

445 2035 646 2099 utitur
687 2031 1033 2116 trisyllabis
1079 2024 1330 2121 πόληες
1373 2036 1439 2097 et
1485 2028 1732 2111 πόλιες
1766 2032 1883 2098 Od.
1912 2033 2033 2099 XV
2060 2032 2207 2114 412,
2249 2050 2456 2115 neque
2500 2032 2688 2098 aliter

420 2131 738 2233 ἱπόρτιος,
764 2131 991 2221 ἴδριες,
1019 2130 1352 2214 ἐπάλξιες,
1378 2135 1693 2217 Theognis
1721 2135 1887 2202 1020
1913 2132 2206 2224 πρήξιος,
2241 2134 2529 2216 Apollon.
2549 2133 2582 2198 I
2600 2132 2683 2199 85

447 2234 671 2317 δύσιες
734 2242 871 2318 etc„
937 2238 1255 2305 Hesiodus
1322 2256 1475 2305 vero
1540 2238 1699 2321 Opp.
1759 2240 1885 2306 372
1952 2238 2208 2307 deflexit
2271 2238 2355 2303 ad
2418 2235 2684 2303 formam

334 2415 345 2431 χ
406 2378 411 2384 ·
447 2360 839 2408 communem
883 2338 1146 2420 πίστεις
1197 2360 1233 2407 e
1280 2339 1549 2419 πίστεες
1590 2347 2033 2410 contractam.

635 2448 701 2530 ῖη
743 2445 920 2514 et.-
876 2446 1087 2516 „rion
1131 2445 1639 2528 committuntur;
1708 2466 1931 2517 overo
1974 2446 2098 2512 huc
2139 2428 2543 2512 referendum
2585 2447 2686 2510 est

444 2554 705 2632 propter
759 2549 1106 2641 genitivum
1168 2548 1363 2614 iambi
1427 2550 1567 2615 loco
1631 2551 1910 2633 positum
1975 2545 2402 2637 προπάροιθε
2447 2542 2686 2625 πόλιος

450 2649 686 2719 alnam
730 2650 824 2721 Il.
851 2652 917 2718 Π
960 2631 1106 2731 811,
1174 2668 1291 2717 nec
1334 2669 1666 2718 assensum
1733 2656 2071 2719 consecuta
2133 2656 2235 2719 est
2273 2651 2505 2734 Heynii
2548 2668 2683 2717 cor-

443 2756 638 2831 rectio
664 2749 914 2833 πόλεος
936 2753 1089 2838 [nisi
1099 2754 1426 2839 Bekkeri],
1443 2755 1730 2837 quamvis
1756 2755 2131 2821 conveniens
2152 2753 2385 2837 plurali
2399 2749 2680 2820 πόλεων.

443 2858 519 2923 In
561 2857 924 2941 Empedocl.
971 2854 1131 2937 365,
1198 2857 1308 2923 ubi
1354 2856 1646 2924 Sturzius
1690 2855 1932 2936 πόλιος
1995 2857 2196 2923 edidit
2235 2874 2351 2940 pro
2397 2852 2680 2934 πόλεως,

444 2961 821 3027 Karstenius
845 2960 973 3026 278
1018 2965 1084 3025 et
1124 2961 1412 3042 plerique
1456 2961 1963 3034 antecedentium
2010 2956 2256 3040 πόλους
2302 2960 2681 3042 Theognidis

445 3065 731 3146 exemplo
775 3062 960 3147 (776)
1004 3067 1354 3144 posuerunt
1397 3061 1482 3146 [v.
1527 3083 1588 3146 p.
1633 3062 1765 3149 90].
1816 3101 1888 3112 -
1940 3064 2203 3147 Ignotus
2247 3068 2349 3129 est
2400 3063 2681 3129 nomina-

443 3167 613 3232 tivus
666 3167 935 3232 nominis
999 3166 1268 3245 heroici,
1337 3165 1418 3231 de
1462 3185 1587 3248 quo
1629 3166 1941 3233 Arcadius
1989 3166 2130 3233 128.
2175 3166 2262 3232 20
2326 3165 2402 3232 τὸ
2456 3168 2683 3246 Θῶνος

446 3265 607 3336 ἀπό
634 3275 750 3336 τοῦ
803 3265 1104 3347 Θώνιδος
1145 3266 1258 3334 καὶ
1308 3263 1571 3347 Θώνιος
1611 3265 1893 3347 immutas
1936 3269 2048 3336 καὶ
2093 3266 2323 3357 κράσει
2375 3272 2598 3348 Θῶνος
2639 3264 2684 3354 ἢ

445 3369 586 3440 ἀπὸ
652 3376 772 3439 τοῦ
825 3368 1079 3450 Θώνιος
1137 3366 1411 3449 εὐθείας
1475 3370 1587 3438 καὶ
1654 3373 2237 3460 συγκοπῇ-Θῶ’νος
2288 3371 2499 3438 verbis
2543 3390 2681 3438 cor-

442 3475 651 3557 ruptis
713 3476 849 3557 hoc,
916 3480 1071 3559 puto
1084 3526 1100 3557 ,
1167 3472 1554 3558 significans*
1591 3474 2044 3542 nominativum
2107 3478 2220 3539 aut
2268 3475 2477 3553 Θῶνις
2517 3493 2680 3556 esse,

445 3578 789 3660 genitivum
840 3574 1093 3656 Θώνιος
1157 3582 1226 3642 et
1286 3577 1455 3641 hunc
1512 3577 1963 3660 synecphone'si
2005 3575 2385 3657 bisyllabum
2427 3574 2567 3642 fieri
2609 3582 2682 3643 ut

443 3679 851 3747 Homericum
874 3677 1134 3757 πόλιος,
1177 3682 1290 3745 aut
1320 3679 1469 3745 Θῶν
1514 3685 1626 3747 τοῦ
1653 3680 1877 3758 Θῶνος
1920 3683 2167 3747 exemto
2210 3698 2325 3762 per
2370 3697 2681 3762 syncopen

348 3797 353 3803 ·
443 3782 590 3847 iota.
679 3782 964 3850 Aliorum
1008 3782 1356 3850 sententias
1399 3783 1591 3848 retuli
1632 3783 1697 3848 in
1741 3783 1971 3849 Parall.
2017 3781 2099 3847 73
2118 3782 2171 3865 ³)
2218 3781 2426 3866 [Path.
2448 3780 2481 3845 I
2503 3779 2678 3866 292}

585 4035 640 4102 4)
678 4038 939 4093 Choerob.
977 4039 1130 4094 Orth.
1158 4035 1263 4093 250
1297 4056 1416 4092 cum
1452 4033 1570 4111 ἱρός
1604 4040 1836 4093 absurde
1869 4040 2073 4094 confert
2105 4043 2233 4093 πῖθι
2270 4041 2420 4107 quasi
2455 4056 2487 4094 o
2523 4043 2679 4092 utem

443 4126 729 4179 concisum.

583 4226 639 4290 5)
673 4227 738 4278 In
772 4225 1102 4291 Theognosti
1133 4225 1276 4291 loco,
1333 4243 1489 4294 quem
1538 4228 1627 4281 hio
1662 4227 1846 4293 citavi,
1900 4228 2062 4282 scribi
2112 4234 2319 4297 oportet
2352 4224 2446 4283 διὰ
2482 4211 2681 4283 τοῦ-ἧ

448 4306 775 4380 κλινόμενον
808 4306 886 4372 ὥς
917 4305 978 4363 τὸ
1014 4305 1338 4373 «rucanas.
2391 4329 2399 4336 ·
