2946 4928
412 331 537 400 140
704 399 709 404 ,
1177 329 1736 398 DISSERTATIO
1795 329 1909 440 'VL

407 499 633 579 ὄοῒμεὺ
699 501 765 562 et
828 496 1133 578 peculiari
1175 496 1450 578 quodam
1509 495 1893 578 tragicorum
1935 513 2058 561 usu
2098 493 2166 559 in
2208 512 2470 560 numero
2515 494 2644 560 sin-

404 601 608 682 gulari
653 599 923 686 τρέφοιν
978 604 1046 664 et
1090 593 1432 686 ἆμάρτοιν,
1502 617 1665 681 quae
1708 592 2110 664 Herodianus
2181 616 2260 663 ex
2303 596 2644 664 anadrome

406 709 548 771 orta
611 704 852 784 statuit,
904 722 961 768 v,
1003 702 1270 773 Elemm.
1313 701 1347 767 I
1392 701 1537 767 331.
1587 739 1660 750 -—
1710 700 1921 768 Attico
1964 694 2338 790 μελογχρής
2380 702 2647 784 simplex

403 809 614 891 potius
657 807 890 873 vocalis
935 825 1142 888 quam,
1187 810 1261 871 ut
1301 811 1553 873 veteres
1598 806 1833 885 volunt,
1881 803 2310 886 diphthongus
2358 803 2644 870 detracta

406 916 521 992 est,
568 931 624 977 v.
668 910 934 976 Elemm.
979 909 1012 974 I
1055 907 1180 974 315
1226 908 1485 993 [Parall.
1531 907 1705 993 256}
1733 945 1806 957 -
1842 908 2025 974 Hanc
2068 907 2476 990 subsequitur
2517 909 2651 974 iota

406 1014 723 1095 integrum
763 1015 830 1080 in
873 1012 1118 1095 poetico
1151 1008 1336 1088 οἷίες,
1384 1011 1487 1076 eui
1507 1010 1836 1077 Bentleius
1867 1011 1951 1077 ad
1982 1009 2224 1076 Gallim.
2248 1010 2315 1076 in
2336 1009 2538 1094 Apoll,
2564 1012 2647 1076 52

404 1116 646 1185 confert
689 1116 1069 1183 adieetivum
1105 1108 1363 1198 ὁμοίιος
1406 1114 1565 1195 pari,
1611 1119 1685 1179 ut
1725 1120 1925 1198 putat,
1969 1116 2337 1197 pleonasmo
2360 1118 2648 1193 auctum3

408 1221 523 1287 sed
566 1219 793 1299 differt,
840 1217 1009 1300 quod
1050 1217 1117 1282 in
1157 1216 1268 1282 illa
1311 1216 1447 1281 sola
1491 1218 1813 1298 quantitas
1857 1223 2154 1301 augetur:
2203 1209 2333 1295 οἶες
2360 1235 2478 1299 pro
2522 1209 2646 1298 ὄϊς,

407 1329 481 1392 ιιι
523 1319 799 1406 Εὕβοιίς
841 1321 1072 1387 dicitur
1129 1338 1245 1401 pro
1289 1315 1551 1404 Εὗβοΐς,
1619 1321 1686 1386 in
1733 1321 2043 1388 adjectivo
2087 1324 2302 1386 autem
2343 1337 2647 1399 numerus

408 1426 794 1511 syllabarum
816 1423 1107 1491 similiter
1127 1423 1383 1506 proprio
1396 1419 1703 1491 Βοιίδιον
1713 1424 1964 1490 Anthol.
1994 1422 2250 1508 [Phryn.
2263 1421 2347 1488 87
2364 1423 2503 1508 sq.].
2548 1423 2648 1489 De

407 1533 772 1614 pleonasmo
795 1526 1194 1594 consentiunt
1214 1530 1483 1606 veteres,
1527 1546 1584 1593 v,
1597 1527 1862 1594 Elemm.
1885 1528 1919 1594 1
1939 1526 2085 1609 469,
2131 1532 2200 1594 et
2220 1527 2647 1593 Buttmannus

408 1643 657 1717 quoque
682 1633 736 1718 ἓ.
749 1632 832 1697 27
848 1628 1048 1696 adn.8
1070 1628 1278 1712 epicos
1298 1646 1424 1693 non
1449 1629 1655 1694 solum
1677 1630 2002 1697 adieetivis
2030 1624 2316 1714 ὁμοίιος,
2340 1628 2646 1717 γελοίιος,

411 1737 526 1804 sed
589 1736 784 1802 etiam
860 1732 1154 1800 dualibus
1232 1723 1473 1816 ὤμοιιν
1549 1737 1668 1799 ete.
1743 1734 1876 1800 iota
1938 1734 2283 1800 inseruisse
2358 1738 2544 1816 putat
2571 1732 2649 1817 1);

411 1840 816 1906 Thiersehius
858 1855 1009 1903 vero
1054 1837 1109 1922 ξ.
1161 1833 1281 1901 183
1325 1855 1386 1900 ιι.
1429 1834 1472 1899 8
1519 1835 1739 1903 duales
1782 1855 2000 1903 omnes
2044 1838 2392 1920 antiquitus
2434 1837 2501 1902 in
2542 1836 2652 1910 oa—a}

411 1944 616 2008 exisse
661 1942 1036 2024 suspicatur.
1126 1937 1224 2003 Ab
1247 1956 1370 2004 usu
1393 1941 1706 2006 communi
1727 1942 1886 2007 haec
1906 1941 2266 2007 terminatio
2287 1940 2652 2022 longissime

410 2047 727 2125 abhorret,
793 2049 862 2110 et
903 2042 1156 2109 omnino
1203 2041 1589 2125 diphthongo
1631 2045 1689 2115 δ’,
1728 2062 1988 2126 perraro
2050 2044 2183 2110 iota
2253 2043 2653 2126 subiungitur

411 2138 478 2216 et
543 2151 610 2214 in
661 2167 787 2213 uno
831 2165 1062 2231 genere
1108 2146 1573 2229 Synthetorum:
1640 2144 1998 2227 μελοποιία
2042 2146 2223 2227 Plau,
2289 2146 2651 2214 κακοποιία

411 2254 622 2334 Ιεοοτ.,
679 2247 956 2319 εὐποιία
1001 2249 1217 2315 Arist·
1287 2248 1617 2316 Novicium
1684 2255 1784 2316 est
1826 2246 2178 2330 αἰδοιικός,
2244 2268 2650 2323 numerorum

415 2375 608 2424 eausa
651 2360 907 2423 auctum
950 2350 1229 2437 Εὐβοεῖς
1274 2351 1461 2436 Soph.

416 2518 475 2525 ...Φ

557 2600 605 2664 1)
636 2593 930 2668 Ἀχαιικός,
989 2600 1130 2666 quod
1177 2599 1260 2650 his
1315 2599 1571 2666 adiungit,
1624 2598 2005 2665 diphthongum
2058 2614 2093 2650 a
2145 2599 2408 2665 primitivo
2437 2592 2653 2666 Ἀχαιός

412 2693 767 2755 propagatum
802 2687 964 2739 habet
1000 2684 1087 2752 [ad
1121 2685 1320 2752 Pht-yn.
1355 2683 1426 2738 39
1460 2682 1595 2752 sqq]

1338 3028 1747 3039 w
