<?xml version="1.0" encoding="UTF-8"?>
<!DOCTYPE html PUBLIC "-//W3C//DTD XHTML 1.0 Transitional//EN"
    "http://www.w3.org/TR/xhtml1/DTD/xhtml1-transitional.dtd">
<html xmlns="http://www.w3.org/1999/xhtml" xml:lang="en" lang="en">
 <head>
  <title>
</title>
<meta http-equiv="Content-Type" content="text/html;charset=utf-8" />
  <meta name='ocr-system' content='tesseract 3.04.00' />
  <meta name='ocr-capabilities' content='ocr_page ocr_carea ocr_par ocr_line ocrx_word'/>
</head>
<body>
  <div class='ocr_page' id='page_1' title='image "./pathologiaegrae02lobegoog_0364.png"; bbox 0 0 2946 4928; ppageno 0'>
   <div class='ocr_carea' id='block_1_1' title="bbox 464 361 2241 451">
    <p class='ocr_par' dir='ltr' id='par_1_1' title="bbox 464 361 2241 451">
     <span class='ocr_line' id='line_1_1' title="bbox 464 361 2241 451; baseline -0.008 -9"><span class='ocrx_word' id='word_1_1' title='bbox 464 375 592 442; x_wconf 80' lang='lat'><strong>342</strong></span> <span class='ocrx_word' id='word_1_2' title='bbox 914 369 1029 451; x_wconf 81' lang='lat' dir='ltr'><strong>DE</strong></span> <span class='ocrx_word' id='word_1_3' title='bbox 1074 364 1798 436; x_wconf 84' lang='lat' dir='ltr'><strong>ORTHOGRAPHIAE</strong></span> <span class='ocrx_word' id='word_1_4' title='bbox 1843 361 2241 431; x_wconf 85' lang='lat' dir='ltr'>GRAECAE</span> 
     </span>
    </p>
   </div>
   <div class='ocr_carea' id='block_1_2' title="bbox 468 527 2708 720">
    <p class='ocr_par' dir='ltr' id='par_1_2' title="bbox 468 527 2708 720">
     <span class='ocr_line' id='line_1_2' title="bbox 468 527 2704 617; baseline -0.005 -13"><span class='ocrx_word' id='word_1_5' title='bbox 468 538 761 605; x_wconf 82' lang='lat' dir='ltr'><strong>continuo</strong></span> <span class='ocrx_word' id='word_1_6' title='bbox 804 536 871 602; x_wconf 91' lang='lat' dir='ltr'><strong>id</strong></span> <span class='ocrx_word' id='word_1_7' title='bbox 913 534 1081 617; x_wconf 90' lang='lat' dir='ltr'><strong>quod</strong></span> <span class='ocrx_word' id='word_1_8' title='bbox 1124 531 1406 599; x_wconf 82' lang='lat' dir='ltr'><strong>crebrius</strong></span> <span class='ocrx_word' id='word_1_9' title='bbox 1450 532 1772 613; x_wconf 83' lang='lat' dir='ltr'><strong>legeretur</strong></span> <span class='ocrx_word' id='word_1_10' title='bbox 1816 527 2330 595; x_wconf 87' lang='lat' dir='ltr'><strong>substituendum</strong></span> <span class='ocrx_word' id='word_1_11' title='bbox 2394 531 2704 609; x_wconf 89' lang='lat' dir='ltr'><strong>putarunt</strong></span> 
     </span>
     <span class='ocr_line' id='line_1_3' title="bbox 470 626 2708 720; baseline -0.007 -13"><span class='ocrx_word' id='word_1_12' title='bbox 470 641 667 707; x_wconf 90' lang='lat' dir='ltr'><strong>semel</strong></span> <span class='ocrx_word' id='word_1_13' title='bbox 688 639 788 705; x_wconf 87' lang='lat' dir='ltr'><strong>vel</strong></span> <span class='ocrx_word' id='word_1_14' title='bbox 811 639 1018 704; x_wconf 90' lang='lat' dir='ltr'><strong>rarius</strong></span> <span class='ocrx_word' id='word_1_15' title='bbox 1041 637 1231 702; x_wconf 83' lang='lat' dir='ltr'><strong>lecto:</strong></span> <span class='ocrx_word' id='word_1_16' title='bbox 1279 633 1560 720; x_wconf 77' lang='grc' dir='ltr'><strong><em>σμικρὸς</em></strong></span> <span class='ocrx_word' id='word_1_17' title='bbox 1581 651 1696 716; x_wconf 90' lang='lat' dir='ltr'><strong>pro</strong></span> <span class='ocrx_word' id='word_1_18' title='bbox 1721 628 1976 719; x_wconf 79' lang='grc' dir='ltr'>μικρός,</span> <span class='ocrx_word' id='word_1_19' title='bbox 2023 630 2109 709; x_wconf 77' lang='grc' dir='ltr'><strong>ἐς,</strong></span> <span class='ocrx_word' id='word_1_20' title='bbox 2159 630 2315 713; x_wconf 82' lang='grc' dir='ltr'>ἔσω,</span> <span class='ocrx_word' id='word_1_21' title='bbox 2364 626 2550 696; x_wconf 77' lang='grc' dir='ltr'><strong><em>κάειν</em></strong></span> <span class='ocrx_word' id='word_1_22' title='bbox 2593 633 2708 693; x_wconf 85' lang='lat' dir='ltr'><strong>etc.</strong></span> 
     </span>
    </p>
   </div>
   <div class='ocr_carea' id='block_1_3' title="bbox 466 733 2765 814">
    <p class='ocr_par' dir='ltr' id='par_1_3' title="bbox 466 733 2765 814">
     <span class='ocr_line' id='line_1_4' title="bbox 466 733 2765 814; baseline -0.007 -5"><span class='ocrx_word' id='word_1_23' title='bbox 466 743 871 808; x_wconf 88' lang='lat' dir='ltr'><strong>Hermannus</strong></span> <span class='ocrx_word' id='word_1_24' title='bbox 914 759 1065 806; x_wconf 79' lang='lat' dir='ltr'><strong>vero</strong></span> <span class='ocrx_word' id='word_1_25' title='bbox 1109 739 1192 804; x_wconf 91' lang='lat' dir='ltr'><strong>ad</strong></span> <span class='ocrx_word' id='word_1_26' title='bbox 1235 738 1402 804; x_wconf 91' lang='lat' dir='ltr'><strong>Med.</strong></span> <span class='ocrx_word' id='word_1_27' title='bbox 1447 757 1505 802; x_wconf 87' lang='lat' dir='ltr'><strong>v.</strong></span> <span class='ocrx_word' id='word_1_28' title='bbox 1550 737 1592 802; x_wconf 82' lang='lat'><strong>2</strong></span> <span class='ocrx_word' id='word_1_29' title='bbox 1658 739 1879 802; x_wconf 84' lang='lat' dir='ltr'><strong>eontra</strong></span> <span class='ocrx_word' id='word_1_30' title='bbox 1919 734 2292 799; x_wconf 87' lang='lat' dir='ltr'><strong>Elmsleium</strong></span> <span class='ocrx_word' id='word_1_31' title='bbox 2357 733 2706 814; x_wconf 88' lang='lat' dir='ltr'><strong>disputans,</strong></span> <span class='ocrx_word' id='word_1_32' title='bbox 2754 774 2765 785; x_wconf 83' lang='lat'>-</span> 
     </span>
    </p>
   </div>
   <div class='ocr_carea' id='block_1_4' title="bbox 465 832 2715 4409">
    <p class='ocr_par' dir='ltr' id='par_1_4' title="bbox 465 832 2715 4409">
     <span class='ocr_line' id='line_1_5' title="bbox 467 832 2706 928; baseline -0.006 -17"><span class='ocrx_word' id='word_1_33' title='bbox 467 847 578 928; x_wconf 93' lang='lat' dir='ltr'><strong>qui</strong></span> <span class='ocrx_word' id='word_1_34' title='bbox 620 864 735 927; x_wconf 90' lang='lat' dir='ltr'><strong>pro</strong></span> <span class='ocrx_word' id='word_1_35' title='bbox 780 841 914 925; x_wconf 77' lang='grc' dir='ltr'>σύν,</span> <span class='ocrx_word' id='word_1_36' title='bbox 960 843 1314 923; x_wconf 83' lang='lat' dir='ltr'><strong>ubicunque</strong></span> <span class='ocrx_word' id='word_1_37' title='bbox 1355 844 1631 905; x_wconf 92' lang='lat' dir='ltr'><strong>metrum</strong></span> <span class='ocrx_word' id='word_1_38' title='bbox 1675 838 2058 915; x_wconf 87' lang='lat' dir='ltr'><strong>admitteret,</strong></span> <span class='ocrx_word' id='word_1_39' title='bbox 2107 832 2221 915; x_wconf 71' lang='grc' dir='ltr'><strong>ξύν</strong></span> <span class='ocrx_word' id='word_1_40' title='bbox 2260 835 2483 916; x_wconf 91' lang='lat' dir='ltr'><strong>reponi</strong></span> <span class='ocrx_word' id='word_1_41' title='bbox 2504 836 2706 899; x_wconf 86' lang='lat' dir='ltr'><strong>iusse-</strong></span> 
     </span>
     <span class='ocr_line' id='line_1_6' title="bbox 468 937 2708 1028; baseline -0.008 -13"><span class='ocrx_word' id='word_1_42' title='bbox 468 953 588 1028; x_wconf 86' lang='lat' dir='ltr'>rat,</span> <span class='ocrx_word' id='word_1_43' title='bbox 631 949 794 1014; x_wconf 84' lang='lat' dir='ltr'><strong>hane</strong></span> <span class='ocrx_word' id='word_1_44' title='bbox 837 963 1149 1012; x_wconf 81' lang='lat' dir='ltr'><strong>morosam</strong></span> <span class='ocrx_word' id='word_1_45' title='bbox 1192 942 1611 1008; x_wconf 82' lang='lat' dir='ltr'><strong>subtilitatem</strong></span> <span class='ocrx_word' id='word_1_46' title='bbox 1632 941 1817 1022; x_wconf 80' lang='lat' dir='ltr'><strong>longe</strong></span> <span class='ocrx_word' id='word_1_47' title='bbox 1841 940 2116 1020; x_wconf 81' lang='lat' dir='ltr'>respuit:</span> <span class='ocrx_word' id='word_1_48' title='bbox 2161 938 2407 1001; x_wconf 78' lang='lat' dir='ltr'><strong>omnino</strong></span> <span class='ocrx_word' id='word_1_49' title='bbox 2431 937 2708 1023; x_wconf 72' lang='lat' dir='ltr'><strong>coqz‘tare</strong></span> 
     </span>
     <span class='ocr_line' id='line_1_7' title="bbox 472 1037 2706 1131; baseline -0.005 -18"><span class='ocrx_word' id='word_1_50' title='bbox 472 1049 759 1113; x_wconf 73' lang='lat' dir='ltr'><strong>debemus</strong></span> <span class='ocrx_word' id='word_1_51' title='bbox 801 1049 992 1111; x_wconf 77' lang='lat' dir='ltr'><strong>multo</strong></span> <span class='ocrx_word' id='word_1_52' title='bbox 1017 1046 1300 1131; x_wconf 72' lang='lat' dir='ltr'><strong>facilius</strong></span> <span class='ocrx_word' id='word_1_53' title='bbox 1332 1040 1701 1107; x_wconf 68' lang='lat' dir='ltr'><strong>huiusmodi</strong></span> <span class='ocrx_word' id='word_1_54' title='bbox 1736 1040 2149 1104; x_wconf 73' lang='lat' dir='ltr'><strong>constantiam</strong></span> <span class='ocrx_word' id='word_1_55' title='bbox 2194 1040 2260 1104; x_wconf 75' lang='lat' dir='ltr'><strong>in</strong></span> <span class='ocrx_word' id='word_1_56' title='bbox 2286 1037 2706 1125; x_wconf 70' lang='lat' dir='ltr'><strong>Thucydidem</strong></span> 
     </span>
     <span class='ocr_line' id='line_1_8' title="bbox 470 1142 2707 1237; baseline -0.005 -22"><span class='ocrx_word' id='word_1_57' title='bbox 470 1175 656 1237; x_wconf 80' lang='lat' dir='ltr'><strong>quam</strong></span> <span class='ocrx_word' id='word_1_58' title='bbox 697 1152 765 1215; x_wconf 77' lang='lat' dir='ltr'><strong>in</strong></span> <span class='ocrx_word' id='word_1_59' title='bbox 808 1151 1110 1237; x_wconf 49' lang='lat' dir='ltr'><strong>trayicos*</strong></span> <span class='ocrx_word' id='word_1_60' title='bbox 1131 1146 1365 1211; x_wconf 73' lang='lat' dir='ltr'><strong>eadere.</strong></span> <span class='ocrx_word' id='word_1_61' title='bbox 1424 1181 1496 1195; x_wconf 90' lang='lat'><strong>-—</strong></span> <span class='ocrx_word' id='word_1_62' title='bbox 1547 1142 1702 1221; x_wconf 72' lang='lat' dir='ltr'><strong>Quis</strong></span> <span class='ocrx_word' id='word_1_63' title='bbox 1746 1142 1931 1207; x_wconf 73' lang='lat' dir='ltr'><strong>hodie</strong></span> <span class='ocrx_word' id='word_1_64' title='bbox 1976 1167 2018 1207; x_wconf 83' lang='lat' dir='ltr'><strong>a</strong></span> <span class='ocrx_word' id='word_1_65' title='bbox 2063 1145 2279 1229; x_wconf 71' lang='lat' dir='ltr'><strong>poetis</strong></span> <span class='ocrx_word' id='word_1_66' title='bbox 2341 1143 2577 1228; x_wconf 65' lang='lat' dir='ltr'><strong>exigat,</strong></span> <span class='ocrx_word' id='word_1_67' title='bbox 2640 1152 2707 1203; x_wconf 78' lang='lat' dir='ltr'><strong>ut</strong></span> 
     </span>
     <span class='ocr_line' id='line_1_9' title="bbox 471 1242 2706 1329; baseline -0.003 -14"><span class='ocrx_word' id='word_1_68' title='bbox 471 1251 837 1316; x_wconf 55' lang='lat' dir='ltr'><strong>huzasmodi</strong></span> <span class='ocrx_word' id='word_1_69' title='bbox 872 1252 940 1315; x_wconf 77' lang='lat' dir='ltr'><strong>in</strong></span> <span class='ocrx_word' id='word_1_70' title='bbox 975 1251 1166 1314; x_wconf 62' lang='lat' dir='ltr'><strong>rebus</strong></span> <span class='ocrx_word' id='word_1_71' title='bbox 1210 1249 1339 1312; x_wconf 78' lang='lat' dir='ltr'><strong>sibi</strong></span> <span class='ocrx_word' id='word_1_72' title='bbox 1376 1245 1698 1311; x_wconf 74' lang='lat' dir='ltr'><strong>constent?</strong></span> <span class='ocrx_word' id='word_1_73' title='bbox 1784 1245 1912 1325; x_wconf 80' lang='lat' dir='ltr'><strong>Sed</strong></span> <span class='ocrx_word' id='word_1_74' title='bbox 1957 1242 2389 1329; x_wconf 80' lang='lat' dir='ltr'><strong>Thucydidem</strong></span> <span class='ocrx_word' id='word_1_75' title='bbox 2456 1262 2706 1326; x_wconf 89' lang='lat' dir='ltr'><strong>quoque</strong></span> 
     </span>
     <span class='ocr_line' id='line_1_10' title="bbox 471 1337 2705 1435; baseline -0.004 -15"><span class='ocrx_word' id='word_1_76' title='bbox 471 1359 841 1435; x_wconf 81' lang='lat' dir='ltr'><strong>ceterosque</strong></span> <span class='ocrx_word' id='word_1_77' title='bbox 887 1355 1228 1435; x_wconf 85' lang='lat' dir='ltr'><strong>scriptores</strong></span> <span class='ocrx_word' id='word_1_78' title='bbox 1272 1350 1515 1416; x_wconf 78' lang='lat' dir='ltr'><strong>Attieos</strong></span> <span class='ocrx_word' id='word_1_79' title='bbox 1559 1351 1842 1415; x_wconf 88' lang='lat' dir='ltr'><strong>nonnulli</strong></span> <span class='ocrx_word' id='word_1_80' title='bbox 1886 1349 1969 1414; x_wconf 91' lang='lat' dir='ltr'><strong>ad</strong></span> <span class='ocrx_word' id='word_1_81' title='bbox 2013 1337 2395 1430; x_wconf 76' lang='lat' dir='ltr'><strong>aequalitem</strong></span> <span class='ocrx_word' id='word_1_82' title='bbox 2437 1346 2568 1412; x_wconf 90' lang='lat' dir='ltr'><strong>stili</strong></span> <span class='ocrx_word' id='word_1_83' title='bbox 2607 1365 2705 1411; x_wconf 88' lang='lat' dir='ltr'><strong>re-</strong></span> 
     </span>
     <span class='ocr_line' id='line_1_11' title="bbox 470 1445 2706 1535; baseline -0.005 -13"><span class='ocrx_word' id='word_1_84' title='bbox 470 1474 695 1522; x_wconf 84' lang='lat' dir='ltr'><strong>vocare</strong></span> <span class='ocrx_word' id='word_1_85' title='bbox 742 1455 947 1521; x_wconf 82' lang='lat' dir='ltr'><strong>eonati</strong></span> <span class='ocrx_word' id='word_1_86' title='bbox 992 1458 1142 1519; x_wconf 90' lang='lat' dir='ltr'><strong>sunt</strong></span> <span class='ocrx_word' id='word_1_87' title='bbox 1183 1457 1397 1535; x_wconf 89' lang='lat' dir='ltr'><strong>spreto</strong></span> <span class='ocrx_word' id='word_1_88' title='bbox 1421 1452 1737 1535; x_wconf 87' lang='lat' dir='ltr'><strong>Apollonii</strong></span> <span class='ocrx_word' id='word_1_89' title='bbox 1780 1450 2010 1518; x_wconf 86' lang='lat' dir='ltr'><strong>iudicio</strong></span> <span class='ocrx_word' id='word_1_90' title='bbox 2052 1449 2237 1516; x_wconf 89' lang='lat' dir='ltr'><strong>Pron.</strong></span> <span class='ocrx_word' id='word_1_91' title='bbox 2282 1450 2365 1516; x_wconf 84' lang='lat'><strong>63</strong></span> <span class='ocrx_word' id='word_1_92' title='bbox 2411 1445 2527 1515; x_wconf 67' lang='grc' dir='ltr'><strong>οὒκ</strong></span> <span class='ocrx_word' id='word_1_93' title='bbox 2548 1445 2706 1527; x_wconf 72' lang='grc' dir='ltr'><strong>ἐξω-</strong></span> 
     </span>
     <span class='ocr_line' id='line_1_12' title="bbox 470 1549 2703 1641; baseline -0.005 -17"><span class='ocrx_word' id='word_1_94' title='bbox 470 1558 788 1641; x_wconf 78' lang='grc' dir='ltr'><strong><em>μάλισται</em></strong></span> <span class='ocrx_word' id='word_1_95' title='bbox 837 1556 915 1621; x_wconf 80' lang='grc' dir='ltr'><strong>τὰ</strong></span> <span class='ocrx_word' id='word_1_96' title='bbox 961 1560 1093 1621; x_wconf 80' lang='grc' dir='ltr'><strong>τῶν</strong></span> <span class='ocrx_word' id='word_1_97' title='bbox 1137 1556 1483 1621; x_wconf 76' lang='grc' dir='ltr'><strong><em>διαλέκτων</em></strong></span> <span class='ocrx_word' id='word_1_98' title='bbox 1526 1554 1637 1620; x_wconf 74' lang='grc' dir='ltr'><strong>καὶ</strong></span> <span class='ocrx_word' id='word_1_99' title='bbox 1701 1550 1996 1635; x_wconf 80' lang='grc' dir='ltr'><strong><em>μάλιστα</em></strong></span> <span class='ocrx_word' id='word_1_100' title='bbox 2064 1552 2143 1618; x_wconf 82' lang='grc' dir='ltr'><strong>τὰ</strong></span> <span class='ocrx_word' id='word_1_101' title='bbox 2202 1558 2333 1619; x_wconf 76' lang='grc' dir='ltr'><strong>τῶν</strong></span> <span class='ocrx_word' id='word_1_102' title='bbox 2371 1549 2703 1617; x_wconf 75' lang='grc' dir='ltr'><strong>Ἀττικῶν.</strong></span> 
     </span>
     <span class='ocr_line' id='line_1_13' title="bbox 469 1655 2709 1740; baseline -0.004 -14"><span class='ocrx_word' id='word_1_103' title='bbox 469 1661 708 1726; x_wconf 89' lang='lat' dir='ltr'><strong>Verum</strong></span> <span class='ocrx_word' id='word_1_104' title='bbox 749 1659 854 1725; x_wconf 83' lang='lat' dir='ltr'><strong>hic</strong></span> <span class='ocrx_word' id='word_1_105' title='bbox 896 1660 1170 1740; x_wconf 86' lang='lat' dir='ltr'><strong>impetus</strong></span> <span class='ocrx_word' id='word_1_106' title='bbox 1213 1658 1472 1739; x_wconf 89' lang='lat' dir='ltr'><strong>paulum</strong></span> <span class='ocrx_word' id='word_1_107' title='bbox 1518 1656 1819 1735; x_wconf 75' lang='lat' dir='ltr'><strong>defervet,</strong></span> <span class='ocrx_word' id='word_1_108' title='bbox 1875 1670 2080 1739; x_wconf 86' lang='lat' dir='ltr'><strong>neque</strong></span> <span class='ocrx_word' id='word_1_109' title='bbox 2126 1655 2391 1722; x_wconf 82' lang='lat' dir='ltr'><strong>offendit</strong></span> <span class='ocrx_word' id='word_1_110' title='bbox 2434 1655 2709 1736; x_wconf 82' lang='lat' dir='ltr'><strong>amplius</strong></span> 
     </span>
     <span class='ocr_line' id='line_1_14' title="bbox 470 1754 2703 1846; baseline -0.003 -18"><span class='ocrx_word' id='word_1_111' title='bbox 470 1780 845 1846; x_wconf 83' lang='lat' dir='ltr'><strong>quenquam,</strong></span> <span class='ocrx_word' id='word_1_112' title='bbox 911 1762 967 1826; x_wconf 90' lang='lat' dir='ltr'><strong>si</strong></span> <span class='ocrx_word' id='word_1_113' title='bbox 1010 1760 1311 1826; x_wconf 89' lang='lat' dir='ltr'><strong>nonnulla</strong></span> <span class='ocrx_word' id='word_1_114' title='bbox 1352 1760 1661 1825; x_wconf 50' lang='lat' dir='ltr'><strong>rocabula</strong></span> <span class='ocrx_word' id='word_1_115' title='bbox 1702 1759 1873 1841; x_wconf 91' lang='lat' dir='ltr'><strong>apud</strong></span> <span class='ocrx_word' id='word_1_116' title='bbox 1916 1760 2173 1825; x_wconf 87' lang='lat' dir='ltr'><strong>eosdem</strong></span> <span class='ocrx_word' id='word_1_117' title='bbox 2217 1761 2562 1841; x_wconf 82' lang='lat' dir='ltr'><strong>scriptores</strong></span> <span class='ocrx_word' id='word_1_118' title='bbox 2609 1754 2703 1821; x_wconf 74' lang='lat' dir='ltr'><strong>di-</strong></span> 
     </span>
     <span class='ocr_line' id='line_1_15' title="bbox 470 1856 2699 1944; baseline -0.003 -13"><span class='ocrx_word' id='word_1_119' title='bbox 470 1880 654 1931; x_wconf 80' lang='lat' dir='ltr'><strong>verse</strong></span> <span class='ocrx_word' id='word_1_120' title='bbox 676 1863 950 1944; x_wconf 85' lang='lat' dir='ltr'><strong>figurata</strong></span> <span class='ocrx_word' id='word_1_121' title='bbox 970 1863 1306 1928; x_wconf 83' lang='lat' dir='ltr'><strong>invenerit:</strong></span> <span class='ocrx_word' id='word_1_122' title='bbox 1353 1856 1636 1928; x_wconf 78' lang='grc' dir='ltr'><strong><em>σκότου</em></strong></span> <span class='ocrx_word' id='word_1_123' title='bbox 1658 1866 1725 1926; x_wconf 91' lang='lat' dir='ltr'><strong>et</strong></span> <span class='ocrx_word' id='word_1_124' title='bbox 1743 1859 1977 1926; x_wconf 78' lang='grc' dir='ltr'><strong><em>σκότο</em></strong></span> <span class='ocrx_word' id='word_1_125' title='bbox 1994 1885 2090 1941; x_wconf 88' lang='grc' dir='ltr'>υς,</span> <span class='ocrx_word' id='word_1_126' title='bbox 2136 1880 2193 1927; x_wconf 79' lang='lat' dir='ltr'><strong>v,</strong></span> <span class='ocrx_word' id='word_1_127' title='bbox 2219 1861 2590 1928; x_wconf 82' lang='lat' dir='ltr'><strong>Stallbaum.</strong></span> <span class='ocrx_word' id='word_1_128' title='bbox 2617 1860 2699 1925; x_wconf 87' lang='lat' dir='ltr'><strong>ad</strong></span> 
     </span>
     <span class='ocr_line' id='line_1_16' title="bbox 472 1959 2707 2046; baseline -0.002 -14"><span class='ocrx_word' id='word_1_129' title='bbox 472 1967 788 2033; x_wconf 80' lang='lat' dir='ltr'><strong>Phaedon.</strong></span> <span class='ocrx_word' id='word_1_130' title='bbox 812 1963 895 2030; x_wconf 87' lang='grc'><strong>99</strong></span> <span class='ocrx_word' id='word_1_131' title='bbox 918 1965 976 2030; x_wconf 93' lang='grc' dir='ltr'>Β</span> <span class='ocrx_word' id='word_1_132' title='bbox 997 1966 1095 2031; x_wconf 91' lang='lat' dir='ltr'><strong>ed.</strong></span> <span class='ocrx_word' id='word_1_133' title='bbox 1119 1964 1235 2044; x_wconf 91' lang='lat' dir='ltr'>III,</span> <span class='ocrx_word' id='word_1_134' title='bbox 1263 1959 1732 2046; x_wconf 67' lang='grc' dir='ltr'><strong><em>πλεύσομαι</em></strong></span> <span class='ocrx_word' id='word_1_135' title='bbox 1766 1969 1833 2028; x_wconf 81' lang='lat' dir='ltr'><strong>et</strong></span> <span class='ocrx_word' id='word_1_136' title='bbox 1860 1966 2376 2045; x_wconf 77' lang='grc' dir='ltr'><strong><em>πλευσοῢμαι</em></strong></span> <span class='ocrx_word' id='word_1_137' title='bbox 2402 1965 2598 2046; x_wconf 84' lang='lat' dir='ltr'><strong>Popp.</strong></span> <span class='ocrx_word' id='word_1_138' title='bbox 2624 1964 2707 2028; x_wconf 79' lang='lat' dir='ltr'><strong>ad</strong></span> 
     </span>
     <span class='ocr_line' id='line_1_17' title="bbox 470 2064 2709 2149; baseline -0.003 -13"><span class='ocrx_word' id='word_1_139' title='bbox 470 2070 628 2144; x_wconf 86' lang='lat' dir='ltr'><strong>Xen.</strong></span> <span class='ocrx_word' id='word_1_140' title='bbox 675 2068 875 2134; x_wconf 88' lang='lat' dir='ltr'><strong>Anab.</strong></span> <span class='ocrx_word' id='word_1_141' title='bbox 919 2068 978 2132; x_wconf 94' lang='lat' dir='ltr'><strong>V</strong></span> <span class='ocrx_word' id='word_1_142' title='bbox 1026 2068 1080 2132; x_wconf 91' lang='lat'><strong>1.</strong></span> <span class='ocrx_word' id='word_1_143' title='bbox 1131 2067 1228 2147; x_wconf 88' lang='lat'><strong>10,</strong></span> <span class='ocrx_word' id='word_1_144' title='bbox 1275 2064 1591 2139; x_wconf 80' lang='lat' dir='ltr'><strong>Schaefer.</strong></span> <span class='ocrx_word' id='word_1_145' title='bbox 1650 2066 1732 2131; x_wconf 86' lang='lat' dir='ltr'><strong>ad</strong></span> <span class='ocrx_word' id='word_1_146' title='bbox 1776 2066 1955 2132; x_wconf 91' lang='lat' dir='ltr'><strong>Dem.</strong></span> <span class='ocrx_word' id='word_1_147' title='bbox 2001 2082 2052 2132; x_wconf 85' lang='lat' dir='ltr'><strong>e.</strong></span> <span class='ocrx_word' id='word_1_148' title='bbox 2098 2066 2328 2149; x_wconf 74' lang='lat' dir='ltr'><strong>Polyel.</strong></span> <span class='ocrx_word' id='word_1_149' title='bbox 2379 2066 2560 2132; x_wconf 83' lang='lat'><strong>1218.</strong></span> <span class='ocrx_word' id='word_1_150' title='bbox 2614 2064 2709 2145; x_wconf 78' lang='lat'><strong>10,</strong></span> 
     </span>
     <span class='ocr_line' id='line_1_18' title="bbox 473 2163 2708 2261; baseline -0.004 -21"><span class='ocrx_word' id='word_1_151' title='bbox 473 2170 597 2261; x_wconf 76' lang='grc' dir='ltr'><strong>εἴη</strong></span> <span class='ocrx_word' id='word_1_152' title='bbox 613 2197 706 2239; x_wconf 87' lang='grc' dir='ltr'><strong>σα</strong></span> <span class='ocrx_word' id='word_1_153' title='bbox 723 2199 754 2237; x_wconf 73' lang='grc' dir='ltr'><em>ν</em></span> <span class='ocrx_word' id='word_1_154' title='bbox 777 2176 843 2237; x_wconf 91' lang='lat' dir='ltr'><strong>et</strong></span> <span class='ocrx_word' id='word_1_155' title='bbox 865 2163 934 2238; x_wconf 76' lang='grc' dir='ltr'><strong>εἷ</strong></span> <span class='ocrx_word' id='word_1_156' title='bbox 950 2196 981 2237; x_wconf 83' lang='grc' dir='ltr'><em>ε</em></span> <span class='ocrx_word' id='word_1_157' title='bbox 996 2196 1029 2235; x_wconf 79' lang='grc' dir='ltr'><strong><em>ν</em></strong></span> <span class='ocrx_word' id='word_1_158' title='bbox 1050 2170 1242 2251; x_wconf 91' lang='lat' dir='ltr'><strong>Popp.</strong></span> <span class='ocrx_word' id='word_1_159' title='bbox 1268 2169 1347 2234; x_wconf 87' lang='lat' dir='ltr'><strong>ad</strong></span> <span class='ocrx_word' id='word_1_160' title='bbox 1362 2168 1561 2234; x_wconf 85' lang='lat' dir='ltr'><strong>Anah.</strong></span> <span class='ocrx_word' id='word_1_161' title='bbox 1585 2168 1618 2233; x_wconf 95' lang='lat'>1</span> <span class='ocrx_word' id='word_1_162' title='bbox 1649 2173 1698 2233; x_wconf 85' lang='lat'><strong>1.</strong></span> <span class='ocrx_word' id='word_1_163' title='bbox 1723 2168 1783 2248; x_wconf 84' lang='grc'>5,</span> <span class='ocrx_word' id='word_1_164' title='bbox 1807 2169 2123 2235; x_wconf 86' lang='lat' dir='ltr'><strong>Kuehner.</strong></span> <span class='ocrx_word' id='word_1_165' title='bbox 2147 2166 2230 2234; x_wconf 86' lang='lat' dir='ltr'><strong>ad</strong></span> <span class='ocrx_word' id='word_1_166' title='bbox 2253 2169 2441 2235; x_wconf 87' lang='lat' dir='ltr'><strong>Mem.</strong></span> <span class='ocrx_word' id='word_1_167' title='bbox 2466 2167 2499 2233; x_wconf 96' lang='lat' dir='ltr'>I</span> <span class='ocrx_word' id='word_1_168' title='bbox 2521 2168 2579 2234; x_wconf 84' lang='grc'><strong>4.</strong></span> <span class='ocrx_word' id='word_1_169' title='bbox 2612 2168 2708 2248; x_wconf 83' lang='grc'>19,</span> 
     </span>
     <span class='ocr_line' id='line_1_19' title="bbox 474 2270 2708 2361; baseline -0.003 -19"><span class='ocrx_word' id='word_1_170' title='bbox 474 2272 823 2361; x_wconf 78' lang='grc' dir='ltr'><strong><em>σκοποίη</em></strong></span> <span class='ocrx_word' id='word_1_171' title='bbox 870 2279 937 2338; x_wconf 79' lang='lat' dir='ltr'><strong>et</strong></span> <span class='ocrx_word' id='word_1_172' title='bbox 979 2277 1281 2339; x_wconf 80' lang='grc' dir='ltr'><strong><em>σκοποῖ</em></strong></span> <span class='ocrx_word' id='word_1_173' title='bbox 1323 2270 1685 2337; x_wconf 78' lang='lat' dir='ltr'><strong>Schneider.</strong></span> <span class='ocrx_word' id='word_1_174' title='bbox 1717 2272 1799 2337; x_wconf 76' lang='lat' dir='ltr'><strong>ad</strong></span> <span class='ocrx_word' id='word_1_175' title='bbox 1824 2271 1954 2337; x_wconf 80' lang='lat' dir='ltr'><strong>Civ.</strong></span> <span class='ocrx_word' id='word_1_176' title='bbox 1979 2270 2070 2336; x_wconf 88' lang='lat' dir='ltr'><strong>IV</strong></span> <span class='ocrx_word' id='word_1_177' title='bbox 2093 2270 2220 2336; x_wconf 78' lang='lat'><strong>428</strong></span> <span class='ocrx_word' id='word_1_178' title='bbox 2248 2271 2323 2350; x_wconf 82' lang='lat' dir='ltr'><strong>D,</strong></span> <span class='ocrx_word' id='word_1_179' title='bbox 2367 2272 2708 2337; x_wconf 80' lang='lat' dir='ltr'><strong>Rueckert.</strong></span> 
     </span>
     <span class='ocr_line' id='line_1_20' title="bbox 470 2374 2706 2462; baseline -0.003 -17"><span class='ocrx_word' id='word_1_180' title='bbox 470 2380 553 2445; x_wconf 90' lang='lat' dir='ltr'><strong>ad</strong></span> <span class='ocrx_word' id='word_1_181' title='bbox 598 2378 808 2462; x_wconf 84' lang='lat' dir='ltr'><strong>Symp.</strong></span> <span class='ocrx_word' id='word_1_182' title='bbox 858 2375 980 2442; x_wconf 85' lang='lat'><strong>196</strong></span> <span class='ocrx_word' id='word_1_183' title='bbox 1026 2375 1076 2441; x_wconf 87' lang='lat' dir='ltr'>C</span> <span class='ocrx_word' id='word_1_184' title='bbox 1119 2375 1369 2458; x_wconf 90' lang='lat' dir='ltr'><strong>aliaque</strong></span> <span class='ocrx_word' id='word_1_185' title='bbox 1409 2374 1852 2440; x_wconf 84' lang='lat' dir='ltr'><strong>heteroclisiae</strong></span> <span class='ocrx_word' id='word_1_186' title='bbox 1896 2380 1963 2440; x_wconf 91' lang='lat' dir='ltr'><strong>et</strong></span> <span class='ocrx_word' id='word_1_187' title='bbox 2004 2374 2447 2457; x_wconf 76' lang='lat' dir='ltr'><strong>heterozygiae</strong></span> <span class='ocrx_word' id='word_1_188' title='bbox 2494 2390 2706 2439; x_wconf 82' lang='lat' dir='ltr'><strong>exem-</strong></span> 
     </span>
     <span class='ocr_line' id='line_1_21' title="bbox 471 2474 2707 2566; baseline -0.003 -18"><span class='ocrx_word' id='word_1_189' title='bbox 471 2484 603 2566; x_wconf 84' lang='lat' dir='ltr'><strong>pla:</strong></span> <span class='ocrx_word' id='word_1_190' title='bbox 640 2479 939 2547; x_wconf 56' lang='lat' dir='ltr'><strong>neeavet</strong></span> <span class='ocrx_word' id='word_1_191' title='bbox 961 2485 1175 2545; x_wconf 75' lang='grc' dir='ltr'><em>κυεῖν</em></span> <span class='ocrx_word' id='word_1_192' title='bbox 1197 2499 1254 2544; x_wconf 84' lang='lat' dir='ltr'><strong>V.</strong></span> <span class='ocrx_word' id='word_1_193' title='bbox 1278 2478 1510 2543; x_wconf 81' lang='lat' dir='ltr'><strong>Parall.</strong></span> <span class='ocrx_word' id='word_1_194' title='bbox 1533 2475 1679 2556; x_wconf 78' lang='grc'>556,</span> <span class='ocrx_word' id='word_1_195' title='bbox 1702 2474 2109 2544; x_wconf 74' lang='grc' dir='ltr'><strong><em>δεικνύειν</em></strong></span> <span class='ocrx_word' id='word_1_196' title='bbox 2154 2482 2221 2543; x_wconf 78' lang='lat' dir='ltr'><strong>et</strong></span> <span class='ocrx_word' id='word_1_197' title='bbox 2242 2480 2417 2544; x_wconf 75' lang='grc' dir='ltr'><strong><em>δεικ</em></strong></span> <span class='ocrx_word' id='word_1_198' title='bbox 2437 2474 2668 2544; x_wconf 71' lang='grc' dir='ltr'><strong><em>νύναι</em></strong></span> <span class='ocrx_word' id='word_1_199' title='bbox 2689 2528 2707 2560; x_wconf 85' lang='grc'>,</span> 
     </span>
     <span class='ocr_line' id='line_1_22' title="bbox 470 2579 2711 2664; baseline -0.001 -15"><span class='ocrx_word' id='word_1_200' title='bbox 470 2605 526 2650; x_wconf 87' lang='lat' dir='ltr'><strong>v.</strong></span> <span class='ocrx_word' id='word_1_201' title='bbox 571 2583 891 2664; x_wconf 86' lang='lat' dir='ltr'><strong>Ruediger</strong></span> <span class='ocrx_word' id='word_1_202' title='bbox 947 2583 1030 2648; x_wconf 90' lang='lat' dir='ltr'><strong>ad</strong></span> <span class='ocrx_word' id='word_1_203' title='bbox 1071 2580 1339 2663; x_wconf 83' lang='lat' dir='ltr'><strong>Philipp.</strong></span> <span class='ocrx_word' id='word_1_204' title='bbox 1385 2581 1454 2645; x_wconf 90' lang='lat' dir='ltr'><strong>T.</strong></span> <span class='ocrx_word' id='word_1_205' title='bbox 1499 2582 1532 2644; x_wconf 93' lang='grc'>1</span> <span class='ocrx_word' id='word_1_206' title='bbox 1577 2579 1679 2660; x_wconf 84' lang='grc'>97,</span> <span class='ocrx_word' id='word_1_207' title='bbox 1727 2597 1892 2663; x_wconf 89' lang='lat' dir='ltr'><strong>quae</strong></span> <span class='ocrx_word' id='word_1_208' title='bbox 1935 2581 2123 2646; x_wconf 91' lang='lat' dir='ltr'><strong>modo</strong></span> <span class='ocrx_word' id='word_1_209' title='bbox 2167 2581 2530 2662; x_wconf 82' lang='lat' dir='ltr'><strong>speciminis</strong></span> <span class='ocrx_word' id='word_1_210' title='bbox 2572 2583 2711 2647; x_wconf 83' lang='lat' dir='ltr'><strong>loeo</strong></span> 
     </span>
     <span class='ocr_line' id='line_1_23' title="bbox 465 2683 2708 2773; baseline -0.002 -20"><span class='ocrx_word' id='word_1_211' title='bbox 465 2686 794 2773; x_wconf 84' lang='lat' dir='ltr'><strong>proposui,</strong></span> <span class='ocrx_word' id='word_1_212' title='bbox 859 2689 934 2748; x_wconf 90' lang='lat' dir='ltr'><strong>ut</strong></span> <span class='ocrx_word' id='word_1_213' title='bbox 973 2683 1373 2765; x_wconf 89' lang='lat' dir='ltr'><strong>proluderem</strong></span> <span class='ocrx_word' id='word_1_214' title='bbox 1428 2683 1939 2764; x_wconf 72' lang='lat' dir='ltr'><strong>suspeetioribus</strong></span> <span class='ocrx_word' id='word_1_215' title='bbox 2026 2683 2282 2749; x_wconf 84' lang='lat' dir='ltr'><strong>Etenim</strong></span> <span class='ocrx_word' id='word_1_216' title='bbox 2314 2684 2574 2749; x_wconf 72' lang='lat' dir='ltr'><strong>illorum</strong></span> <span class='ocrx_word' id='word_1_217' title='bbox 2624 2685 2708 2748; x_wconf 88' lang='lat' dir='ltr'><strong>si-</strong></span> 
     </span>
     <span class='ocr_line' id='line_1_24' title="bbox 472 2786 2710 2869; baseline -0.003 -13"><span class='ocrx_word' id='word_1_218' title='bbox 472 2791 646 2856; x_wconf 86' lang='lat' dir='ltr'><strong>milia</strong></span> <span class='ocrx_word' id='word_1_219' title='bbox 665 2787 1071 2869; x_wconf 83' lang='lat' dir='ltr'><strong>reperiuntur</strong></span> <span class='ocrx_word' id='word_1_220' title='bbox 1092 2786 1285 2851; x_wconf 89' lang='lat' dir='ltr'><strong>etiam</strong></span> <span class='ocrx_word' id='word_1_221' title='bbox 1328 2786 1394 2850; x_wconf 90' lang='lat' dir='ltr'><strong>in</strong></span> <span class='ocrx_word' id='word_1_222' title='bbox 1415 2786 1643 2856; x_wconf 82' lang='lat' dir='ltr'><strong>Latino</strong></span> <span class='ocrx_word' id='word_1_223' title='bbox 1665 2804 1955 2851; x_wconf 88' lang='lat' dir='ltr'><strong>sermone</strong></span> <span class='ocrx_word' id='word_1_224' title='bbox 1999 2791 2066 2852; x_wconf 90' lang='lat' dir='ltr'><strong>et</strong></span> <span class='ocrx_word' id='word_1_225' title='bbox 2105 2788 2172 2851; x_wconf 92' lang='lat' dir='ltr'><strong>in</strong></span> <span class='ocrx_word' id='word_1_226' title='bbox 2214 2792 2434 2853; x_wconf 87' lang='lat' dir='ltr'><strong>nostro</strong></span> <span class='ocrx_word' id='word_1_227' title='bbox 2476 2804 2710 2850; x_wconf 80' lang='lat' dir='ltr'><strong>verna-</strong></span> 
     </span>
     <span class='ocr_line' id='line_1_25' title="bbox 473 2886 2711 2975; baseline -0.003 -17"><span class='ocrx_word' id='word_1_228' title='bbox 473 2894 640 2958; x_wconf 80' lang='lat' dir='ltr'><strong>culo:</strong></span> <span class='ocrx_word' id='word_1_229' title='bbox 709 2914 777 2954; x_wconf 75' lang='lat' dir='ltr'><strong>er</strong></span> <span class='ocrx_word' id='word_1_230' title='bbox 820 2888 988 2974; x_wconf 76' lang='lat' dir='ltr'><strong>nes-</strong></span> <span class='ocrx_word' id='word_1_231' title='bbox 1004 2911 1074 2951; x_wconf 84' lang='lat' dir='ltr'><strong>er</strong></span> <span class='ocrx_word' id='word_1_232' title='bbox 1114 2888 1286 2973; x_wconf 77' lang='lat' dir='ltr'><strong>ruste</strong></span> <span class='ocrx_word' id='word_1_233' title='bbox 1307 2936 1326 2970; x_wconf 86' lang='lat'><em>‚</em></span> <span class='ocrx_word' id='word_1_234' title='bbox 1399 2886 1560 2974; x_wconf 72' lang='lat' dir='ltr'><strong>fruq</strong></span> <span class='ocrx_word' id='word_1_235' title='bbox 1582 2887 1846 2975; x_wconf 76' lang='lat' dir='ltr'><strong>·sra9te</strong></span> <span class='ocrx_word' id='word_1_236' title='bbox 1869 2938 1886 2969; x_wconf 87' lang='lat'>‚</span> <span class='ocrx_word' id='word_1_237' title='bbox 1956 2887 2136 2953; x_wconf 80' lang='lat' dir='ltr'><strong>ward</strong></span> <span class='ocrx_word' id='word_1_238' title='bbox 2154 2926 2182 2938; x_wconf 92' lang='lat'>-</span> <span class='ocrx_word' id='word_1_239' title='bbox 2206 2888 2418 2953; x_wconf 70' lang='lat' dir='ltr'><strong>warde</strong></span> <span class='ocrx_word' id='word_1_240' title='bbox 2441 2935 2459 2970; x_wconf 78' lang='lat'><strong><em>,</em></strong></span> <span class='ocrx_word' id='word_1_241' title='bbox 2532 2886 2711 2952; x_wconf 65' lang='lat' dir='ltr'><strong>Oroe-</strong></span> 
     </span>
     <span class='ocr_line' id='line_1_26' title="bbox 477 2990 2714 3073; baseline -0 -15"><span class='ocrx_word' id='word_1_242' title='bbox 477 2994 696 3058; x_wconf 77' lang='lat' dir='ltr'><strong>Oerter</strong></span> <span class='ocrx_word' id='word_1_243' title='bbox 739 2997 856 3058; x_wconf 85' lang='lat' dir='ltr'><strong>ete.</strong></span> <span class='ocrx_word' id='word_1_244' title='bbox 946 2990 1074 3056; x_wconf 90' lang='lat' dir='ltr'><strong>Sed</strong></span> <span class='ocrx_word' id='word_1_245' title='bbox 1118 3009 1243 3073; x_wconf 95' lang='lat' dir='ltr'><strong>quo</strong></span> <span class='ocrx_word' id='word_1_246' title='bbox 1287 2991 1524 3056; x_wconf 81' lang='lat' dir='ltr'><strong>arctius</strong></span> <span class='ocrx_word' id='word_1_247' title='bbox 1567 2991 1723 3056; x_wconf 88' lang='lat' dir='ltr'><strong>talia</strong></span> <span class='ocrx_word' id='word_1_248' title='bbox 1767 2991 2140 3073; x_wconf 80' lang='lat' dir='ltr'><strong>colligantur</strong></span> <span class='ocrx_word' id='word_1_249' title='bbox 2153 3042 2168 3073; x_wconf 89' lang='lat'>‚</span> <span class='ocrx_word' id='word_1_250' title='bbox 2212 2991 2331 3058; x_wconf 83' lang='lat' dir='ltr'><strong>hoe</strong></span> <span class='ocrx_word' id='word_1_251' title='bbox 2372 2992 2714 3057; x_wconf 81' lang='lat' dir='ltr'><strong>notabilior</strong></span> 
     </span>
     <span class='ocr_line' id='line_1_27' title="bbox 473 3093 2711 3177; baseline -0.001 -14"><span class='ocrx_word' id='word_1_252' title='bbox 473 3096 560 3174; x_wconf 66' lang='lat' dir='ltr'><strong>fit,</strong></span> <span class='ocrx_word' id='word_1_253' title='bbox 588 3094 1014 3177; x_wconf 81' lang='lat' dir='ltr'><strong>discrepantia</strong></span> <span class='ocrx_word' id='word_1_254' title='bbox 1055 3098 1122 3159; x_wconf 90' lang='lat' dir='ltr'><strong>et</strong></span> <span class='ocrx_word' id='word_1_255' title='bbox 1162 3094 1281 3160; x_wconf 84' lang='lat' dir='ltr'><strong>hoc</strong></span> <span class='ocrx_word' id='word_1_256' title='bbox 1322 3093 1601 3159; x_wconf 77' lang='lat' dir='ltr'><strong>crebrior</strong></span> <span class='ocrx_word' id='word_1_257' title='bbox 1644 3093 2001 3159; x_wconf 78' lang='lat' dir='ltr'><strong>criticorum</strong></span> <span class='ocrx_word' id='word_1_258' title='bbox 2022 3093 2376 3160; x_wconf 76' lang='lat' dir='ltr'><strong>haesitatio.</strong></span> <span class='ocrx_word' id='word_1_259' title='bbox 2464 3094 2543 3159; x_wconf 92' lang='lat' dir='ltr'><strong>In</strong></span> <span class='ocrx_word' id='word_1_260' title='bbox 2560 3094 2711 3160; x_wconf 88' lang='lat' dir='ltr'><strong>Phi—</strong></span> 
     </span>
     <span class='ocr_line' id='line_1_28' title="bbox 473 3193 2713 3278; baseline -0 -13"><span class='ocrx_word' id='word_1_261' title='bbox 473 3197 647 3265; x_wconf 86' lang='lat' dir='ltr'><strong>lostr.</strong></span> <span class='ocrx_word' id='word_1_262' title='bbox 689 3197 841 3263; x_wconf 89' lang='lat' dir='ltr'><strong>Her.</strong></span> <span class='ocrx_word' id='word_1_263' title='bbox 888 3195 1041 3275; x_wconf 80' lang='lat'><strong>672,</strong></span> <span class='ocrx_word' id='word_1_264' title='bbox 1105 3196 1215 3261; x_wconf 90' lang='lat' dir='ltr'><strong>ubi</strong></span> <span class='ocrx_word' id='word_1_265' title='bbox 1260 3196 1613 3261; x_wconf 88' lang='lat' dir='ltr'><strong>sententiae</strong></span> <span class='ocrx_word' id='word_1_266' title='bbox 1654 3196 1993 3278; x_wconf 82' lang='lat' dir='ltr'><strong>primariae</strong></span> <span class='ocrx_word' id='word_1_267' title='bbox 2060 3194 2321 3263; x_wconf 72' lang='grc' dir='ltr'><strong><em>τοιόνδε</em></strong></span> <span class='ocrx_word' id='word_1_268' title='bbox 2389 3193 2504 3263; x_wconf 76' lang='grc' dir='ltr'><strong>ἐπὶ</strong></span> <span class='ocrx_word' id='word_1_269' title='bbox 2573 3201 2713 3276; x_wconf 75' lang='grc' dir='ltr'><strong>τοῖς</strong></span> 
     </span>
     <span class='ocr_line' id='line_1_29' title="bbox 475 3297 2708 3388; baseline -0.002 -19"><span class='ocrx_word' id='word_1_270' title='bbox 475 3301 896 3384; x_wconf 75' lang='grc' dir='ltr'><strong><em>δένδρεσιν</em></strong></span> <span class='ocrx_word' id='word_1_271' title='bbox 932 3297 1238 3388; x_wconf 76' lang='grc' dir='ltr'><strong><em>ἔγραψαν</em></strong></span> <span class='ocrx_word' id='word_1_272' title='bbox 1282 3297 1485 3380; x_wconf 68' lang='grc' dir='ltr'><strong><em>νόμον</em></strong></span> <span class='ocrx_word' id='word_1_273' title='bbox 1509 3299 1672 3364; x_wconf 87' lang='lat' dir='ltr'><strong>duae</strong></span> <span class='ocrx_word' id='word_1_274' title='bbox 1695 3303 2135 3380; x_wconf 85' lang='lat' dir='ltr'><strong>supponuntur</strong></span> <span class='ocrx_word' id='word_1_275' title='bbox 2154 3305 2370 3381; x_wconf 85' lang='lat' dir='ltr'><strong>partes</strong></span> <span class='ocrx_word' id='word_1_276' title='bbox 2395 3306 2463 3364; x_wconf 92' lang='lat' dir='ltr'><strong>et</strong></span> <span class='ocrx_word' id='word_1_277' title='bbox 2505 3301 2572 3365; x_wconf 87' lang='lat' dir='ltr'><strong>in</strong></span> <span class='ocrx_word' id='word_1_278' title='bbox 2618 3300 2708 3365; x_wconf 90' lang='lat' dir='ltr'><strong>al-</strong></span> 
     </span>
     <span class='ocr_line' id='line_1_30' title="bbox 469 3397 2714 3489; baseline 0 -21"><span class='ocrx_word' id='word_1_279' title='bbox 469 3409 610 3469; x_wconf 82' lang='lat' dir='ltr'><strong>tera-</strong></span> <span class='ocrx_word' id='word_1_280' title='bbox 655 3402 958 3484; x_wconf 79' lang='lat' dir='ltr'><strong>Scriptum</strong></span> <span class='ocrx_word' id='word_1_281' title='bbox 1000 3406 1103 3466; x_wconf 76' lang='lat' dir='ltr'><strong>est</strong></span> <span class='ocrx_word' id='word_1_282' title='bbox 1144 3403 1236 3488; x_wconf 72' lang='grc' dir='ltr'><strong>τῷ</strong></span> <span class='ocrx_word' id='word_1_283' title='bbox 1282 3397 1479 3486; x_wconf 70' lang='grc' dir='ltr'><em>ἑτέρῳ</em></span> <span class='ocrx_word' id='word_1_284' title='bbox 1521 3400 1713 3485; x_wconf 72' lang='grc' dir='ltr'><strong><em>μέρει</em></strong></span> <span class='ocrx_word' id='word_1_285' title='bbox 1760 3401 1837 3488; x_wconf 83' lang='grc' dir='ltr'><strong>ζῇ</strong></span> <span class='ocrx_word' id='word_1_286' title='bbox 1880 3401 1956 3467; x_wconf 81' lang='grc' dir='ltr'><strong>τὸ</strong></span> <span class='ocrx_word' id='word_1_287' title='bbox 2002 3403 2365 3489; x_wconf 70' lang='grc' dir='ltr'><strong>δένδρον,</strong></span> <span class='ocrx_word' id='word_1_288' title='bbox 2433 3404 2714 3484; x_wconf 70' lang='lat' dir='ltr'><strong>graviter</strong></span> 
     </span>
     <span class='ocr_line' id='line_1_31' title="bbox 473 3503 2708 3588; baseline -0.001 -16"><span class='ocrx_word' id='word_1_289' title='bbox 473 3506 734 3572; x_wconf 82' lang='lat' dir='ltr'><strong>offendit</strong></span> <span class='ocrx_word' id='word_1_290' title='bbox 754 3503 1205 3570; x_wconf 82' lang='lat' dir='ltr'><strong>Boissonadius</strong></span> <span class='ocrx_word' id='word_1_291' title='bbox 1249 3524 1309 3585; x_wconf 89' lang='lat' dir='ltr'><strong>p.</strong></span> <span class='ocrx_word' id='word_1_292' title='bbox 1357 3503 1513 3570; x_wconf 84' lang='lat'>369:</span> <span class='ocrx_word' id='word_1_293' title='bbox 1560 3514 1766 3566; x_wconf 70' lang='lat' dir='ltr'><strong>certas</strong></span> <span class='ocrx_word' id='word_1_294' title='bbox 1808 3505 1965 3586; x_wconf 67' lang='lat' dir='ltr'><strong>eum,</strong></span> <span class='ocrx_word' id='word_1_295' title='bbox 2010 3506 2232 3588; x_wconf 76' lang='lat' dir='ltr'><strong>inquit,</strong></span> <span class='ocrx_word' id='word_1_296' title='bbox 2276 3527 2401 3568; x_wconf 79' lang='lat' dir='ltr'><strong>non</strong></span> <span class='ocrx_word' id='word_1_297' title='bbox 2443 3504 2549 3568; x_wconf 66' lang='lat' dir='ltr'><strong>hio</strong></span> <span class='ocrx_word' id='word_1_298' title='bbox 2572 3508 2708 3571; x_wconf 62' lang='grc' dir='ltr'><strong>δίν-</strong></span> 
     </span>
     <span class='ocr_line' id='line_1_32' title="bbox 476 3604 2715 3694; baseline 0 -21"><span class='ocrx_word' id='word_1_299' title='bbox 476 3612 662 3694; x_wconf 82' lang='grc' dir='ltr'><strong><em>δρεσι</em></strong></span> <span class='ocrx_word' id='word_1_300' title='bbox 720 3618 778 3669; x_wconf 81' lang='lat' dir='ltr'><strong>et</strong></span> <span class='ocrx_word' id='word_1_301' title='bbox 840 3605 1021 3690; x_wconf 62' lang='lat' dir='ltr'><strong>thfra</strong></span> <span class='ocrx_word' id='word_1_302' title='bbox 1087 3604 1358 3689; x_wconf 74' lang='grc' dir='ltr'><strong><em>δένδρον</em></strong></span> <span class='ocrx_word' id='word_1_303' title='bbox 1402 3606 1739 3691; x_wconf 60' lang='grc' dir='ltr'><strong>εσπὶιεὼεσ</strong></span> <span class='ocrx_word' id='word_1_304' title='bbox 1786 3605 2263 3672; x_wconf 72' lang='lat' dir='ltr'><strong>Philostratum.</strong></span> <span class='ocrx_word' id='word_1_305' title='bbox 2322 3619 2329 3624; x_wconf 77' lang='grc'><strong>“</strong></span> <span class='ocrx_word' id='word_1_306' title='bbox 2376 3605 2505 3672; x_wconf 86' lang='lat' dir='ltr'><strong>Sed</strong></span> <span class='ocrx_word' id='word_1_307' title='bbox 2571 3607 2715 3673; x_wconf 85' lang='lat' dir='ltr'><strong>Ari-</strong></span> 
     </span>
     <span class='ocr_line' id='line_1_33' title="bbox 472 3705 2713 3793; baseline -0.001 -16"><span class='ocrx_word' id='word_1_308' title='bbox 472 3716 797 3777; x_wconf 88' lang='lat' dir='ltr'><strong>staenetus</strong></span> <span class='ocrx_word' id='word_1_309' title='bbox 842 3725 1092 3791; x_wconf 86' lang='lat' dir='ltr'><strong>quoque</strong></span> <span class='ocrx_word' id='word_1_310' title='bbox 1133 3706 1168 3772; x_wconf 92' lang='lat'>1</span> <span class='ocrx_word' id='word_1_311' title='bbox 1209 3707 1328 3790; x_wconf 87' lang='lat' dir='ltr'><strong>Ep.</strong></span> <span class='ocrx_word' id='word_1_312' title='bbox 1370 3705 1471 3774; x_wconf 95' lang='lat' dir='ltr'><strong>III</strong></span> <span class='ocrx_word' id='word_1_313' title='bbox 1514 3727 1573 3790; x_wconf 91' lang='lat' dir='ltr'><strong>p.</strong></span> <span class='ocrx_word' id='word_1_314' title='bbox 1626 3708 1701 3774; x_wconf 88' lang='lat'><strong>13</strong></span> <span class='ocrx_word' id='word_1_315' title='bbox 1744 3707 1986 3776; x_wconf 81' lang='lat' dir='ltr'><strong>formae</strong></span> <span class='ocrx_word' id='word_1_316' title='bbox 2028 3711 2324 3793; x_wconf 81' lang='lat' dir='ltr'><strong>antiquae</strong></span> <span class='ocrx_word' id='word_1_317' title='bbox 2369 3714 2436 3775; x_wconf 89' lang='lat' dir='ltr'><strong>et</strong></span> <span class='ocrx_word' id='word_1_318' title='bbox 2457 3707 2713 3776; x_wconf 79' lang='lat' dir='ltr'><strong>Ionicae</strong></span> 
     </span>
     <span class='ocr_line' id='line_1_34' title="bbox 474 3810 2713 3903; baseline -0.001 -23"><span class='ocrx_word' id='word_1_319' title='bbox 474 3814 708 3903; x_wconf 75' lang='grc' dir='ltr'><strong><em>δένδρη</em></strong></span> <span class='ocrx_word' id='word_1_320' title='bbox 736 3862 751 3884; x_wconf 89' lang='grc'><strong>.</strong></span> <span class='ocrx_word' id='word_1_321' title='bbox 819 3830 983 3895; x_wconf 89' lang='lat' dir='ltr'><strong>quae</strong></span> <span class='ocrx_word' id='word_1_322' title='bbox 1046 3811 1234 3893; x_wconf 81' lang='lat' dir='ltr'><strong>vulgo</strong></span> <span class='ocrx_word' id='word_1_323' title='bbox 1299 3811 1592 3876; x_wconf 84' lang='lat' dir='ltr'><strong>adhaesit</strong></span> <span class='ocrx_word' id='word_1_324' title='bbox 1655 3810 1868 3876; x_wconf 83' lang='lat' dir='ltr'><strong>dativo</strong></span> <span class='ocrx_word' id='word_1_325' title='bbox 1889 3860 1906 3891; x_wconf 86' lang='lat'>,</span> <span class='ocrx_word' id='word_1_326' title='bbox 1978 3818 2125 3894; x_wconf 84' lang='lat' dir='ltr'><strong>post</strong></span> <span class='ocrx_word' id='word_1_327' title='bbox 2187 3830 2421 3895; x_wconf 76' lang='lat' dir='ltr'><strong>paucos</strong></span> <span class='ocrx_word' id='word_1_328' title='bbox 2485 3831 2713 3879; x_wconf 66' lang='lat' dir='ltr'><strong>versus</strong></span> 
     </span>
     <span class='ocr_line' id='line_1_35' title="bbox 472 3911 2711 3998; baseline -0 -16"><span class='ocrx_word' id='word_1_329' title='bbox 472 3915 804 3997; x_wconf 85' lang='lat' dir='ltr'><strong>supposuit</strong></span> <span class='ocrx_word' id='word_1_330' title='bbox 855 3914 1180 3995; x_wconf 84' lang='lat' dir='ltr'><strong>vulgarem</strong></span> <span class='ocrx_word' id='word_1_331' title='bbox 1245 3913 1508 3997; x_wconf 68' lang='grc' dir='ltr'><strong><em>δένδρα.</em></strong></span> <span class='ocrx_word' id='word_1_332' title='bbox 1637 3911 1847 3978; x_wconf 83' lang='lat' dir='ltr'><strong>Huius</strong></span> <span class='ocrx_word' id='word_1_333' title='bbox 1908 3916 2429 3998; x_wconf 78' lang='lat' dir='ltr'><strong>transgressionis</strong></span> <span class='ocrx_word' id='word_1_334' title='bbox 2496 3931 2711 3982; x_wconf 81' lang='lat' dir='ltr'><strong>exem-</strong></span> 
     </span>
     <span class='ocr_line' id='line_1_36' title="bbox 472 4012 2711 4106; baseline -0 -22"><span class='ocrx_word' id='word_1_335' title='bbox 472 4019 580 4101; x_wconf 81' lang='lat' dir='ltr'><strong>pla</strong></span> <span class='ocrx_word' id='word_1_336' title='bbox 640 4017 912 4099; x_wconf 82' lang='lat' dir='ltr'><strong>plurima</strong></span> <span class='ocrx_word' id='word_1_337' title='bbox 977 4015 1165 4081; x_wconf 80' lang='lat' dir='ltr'><strong>atussi</strong></span> <span class='ocrx_word' id='word_1_338' title='bbox 1239 4015 1322 4081; x_wconf 76' lang='lat' dir='ltr'><strong>ad</strong></span> <span class='ocrx_word' id='word_1_339' title='bbox 1385 4014 1616 4098; x_wconf 84' lang='lat' dir='ltr'><strong>Phryn.</strong></span> <span class='ocrx_word' id='word_1_340' title='bbox 1685 4014 1839 4082; x_wconf 81' lang='lat'>762:</span> <span class='ocrx_word' id='word_1_341' title='bbox 1907 4017 1983 4082; x_wconf 80' lang='grc' dir='ltr'><strong>τὸ</strong></span> <span class='ocrx_word' id='word_1_342' title='bbox 2062 4012 2438 4103; x_wconf 79' lang='grc' dir='ltr'><strong><em>νάπος-ἧ</em></strong></span> <span class='ocrx_word' id='word_1_343' title='bbox 2508 4014 2711 4106; x_wconf 73' lang='grc' dir='ltr'>νάπη,</span> 
     </span>
     <span class='ocr_line' id='line_1_37' title="bbox 473 4112 2708 4207; baseline 0 -21"><span class='ocrx_word' id='word_1_344' title='bbox 473 4116 800 4187; x_wconf 79' lang='grc' dir='ltr'><strong><em>στάδιοι</em></strong></span> <span class='ocrx_word' id='word_1_345' title='bbox 837 4114 1132 4185; x_wconf 45' lang='grc' dir='ltr'><strong><em>*στάδια</em></strong></span> <span class='ocrx_word' id='word_1_346' title='bbox 1178 4122 1318 4194; x_wconf 63' lang='lat' dir='ltr'><strong>ete,</strong></span> <span class='ocrx_word' id='word_1_347' title='bbox 1363 4118 1597 4200; x_wconf 83' lang='lat' dir='ltr'><strong>quibus</strong></span> <span class='ocrx_word' id='word_1_348' title='bbox 1641 4118 1792 4185; x_wconf 84' lang='lat' dir='ltr'><strong>addi</strong></span> <span class='ocrx_word' id='word_1_349' title='bbox 1824 4120 1979 4186; x_wconf 82' lang='lat' dir='ltr'><strong>lieet</strong></span> <span class='ocrx_word' id='word_1_350' title='bbox 2012 4112 2708 4207; x_wconf 65' lang='grc' dir='ltr'><strong>ἀτέραμνον-ἅτε·</strong></span> 
     </span>
     <span class='ocr_line' id='line_1_38' title="bbox 472 4219 2708 4309; baseline -0.001 -20"><span class='ocrx_word' id='word_1_351' title='bbox 472 4221 760 4309; x_wconf 58' lang='lat' dir='ltr'><strong>pomam</strong></span> <span class='ocrx_word' id='word_1_352' title='bbox 833 4219 1150 4287; x_wconf 71' lang='lat' dir='ltr'><strong>Plutarch.</strong></span> <span class='ocrx_word' id='word_1_353' title='bbox 1236 4219 1447 4305; x_wconf 77' lang='lat' dir='ltr'><strong>Symp.</strong></span> <span class='ocrx_word' id='word_1_354' title='bbox 1511 4221 1583 4288; x_wconf 82' lang='lat' dir='ltr'><strong>L.</strong></span> <span class='ocrx_word' id='word_1_355' title='bbox 1655 4222 1780 4289; x_wconf 85' lang='lat' dir='ltr'><strong>VII</strong></span> <span class='ocrx_word' id='word_1_356' title='bbox 1856 4223 1971 4301; x_wconf 87' lang='lat' dir='ltr'><strong>Qu.</strong></span> <span class='ocrx_word' id='word_1_357' title='bbox 2046 4221 2113 4287; x_wconf 91' lang='lat' dir='ltr'><strong>II</strong></span> <span class='ocrx_word' id='word_1_358' title='bbox 2199 4220 2241 4286; x_wconf 85' lang='lat'><strong>3</strong></span> <span class='ocrx_word' id='word_1_359' title='bbox 2314 4240 2376 4303; x_wconf 85' lang='lat' dir='ltr'><strong>p.</strong></span> <span class='ocrx_word' id='word_1_360' title='bbox 2438 4221 2565 4289; x_wconf 76' lang='lat'><strong>&#39;701</strong></span> <span class='ocrx_word' id='word_1_361' title='bbox 2637 4220 2708 4288; x_wconf 85' lang='lat' dir='ltr'><strong>G.</strong></span> 
     </span>
     <span class='ocr_line' id='line_1_39' title="bbox 472 4321 2708 4409; baseline -0 -17"><span class='ocrx_word' id='word_1_362' title='bbox 472 4324 609 4392; x_wconf 82' lang='lat' dir='ltr'><strong>Nee</strong></span> <span class='ocrx_word' id='word_1_363' title='bbox 670 4324 873 4391; x_wconf 85' lang='lat' dir='ltr'><strong>solum</strong></span> <span class='ocrx_word' id='word_1_364' title='bbox 938 4321 1141 4391; x_wconf 82' lang='lat' dir='ltr'><strong>flexus</strong></span> <span class='ocrx_word' id='word_1_365' title='bbox 1216 4329 1548 4392; x_wconf 86' lang='lat' dir='ltr'><strong>mutantur</strong></span> <span class='ocrx_word' id='word_1_366' title='bbox 1567 4374 1585 4408; x_wconf 86' lang='lat'>,</span> <span class='ocrx_word' id='word_1_367' title='bbox 1660 4325 1779 4393; x_wconf 82' lang='lat' dir='ltr'><strong>sed</strong></span> <span class='ocrx_word' id='word_1_368' title='bbox 1844 4325 2044 4392; x_wconf 74' lang='lat' dir='ltr'><strong>etiam</strong></span> <span class='ocrx_word' id='word_1_369' title='bbox 2121 4324 2344 4390; x_wconf 78' lang='lat' dir='ltr'><strong>literae</strong></span> <span class='ocrx_word' id='word_1_370' title='bbox 2421 4324 2708 4409; x_wconf 66' lang='lat' dir='ltr'><strong>singulte</strong></span> 
     </span>
    </p>
   </div>
  </div>
 </body>
</html>
