2946 4928
385 382 468 450 4ο
654 459 671 467 ,
1157 378 1717 448 DISSERTATIO
1765 379 1874 447 vl.

382 550 601 612 tantur
647 544 1001 630 subscripto
1061 546 1193 612 iota
1258 546 1604 629 eodemque
1647 546 1835 613 modo
1878 542 2135 637 χρῄζων
2179 546 2454 631 Choeph.
2501 546 2632 613 337

384 648 567 735 (328)
593 655 659 715 et
679 649 826 733 803,
874 650 1042 733 quod
1065 640 1258 716 schol,
1277 666 1613 733 perperam
1633 655 2043 740 χρησμωδιῦν
2068 651 2338 735 exponit.
2367 690 2437 700 —
2469 650 2633 717 Cum

362 742 776 820 =substantivo
827 751 1018 841 χρεία
1033 803 1049 831 ,
1120 753 1297 819 cuius
1363 753 1470 819 ille
1536 755 1849 837 meminit,
1918 756 2257 822 cohaerent
2321 755 2634 820 adiectiva

378 861 622 942 χρεῖος,
693 853 917 943 χρήΐος
983 861 1049 923 et
1115 852 1388 945 ἅχρήΐος
1430 857 1734 944 κτητικὸν
1780 852 1921 924 ἀπὸ
1990 862 2108 924 τοῦ
2154 854 2417 946 &maog
2460 857 2630 923 κατὰ

387 959 652 1027 ἔκτασιν
713 962 834 1026 τοῦ
886 961 931 1030 ἐ’
985 958 1092 1027 καὶ
1160 956 1498 1027 διάστασιν
1562 963 1681 1028 τοῦ
1740 960 1799 1031 ἰ’
1859 961 2005 1027 ΕΜ.
2056 960 2195 1027 182.
2240 960 2345 1029 45.
2421 960 2632 1027 Huius

383 1069 709 1130 accentum
754 1063 1070 1145 disceptat
1110 1061 1513 1129 Herodianus
1559 1064 1641 1129 ad
1685 1065 1757 1130 ΙΙ.
1804 1065 1870 1130 Π
1913 1064 2039 1132 269
2087 1064 2273 1153 παρὰ
2320 1064 2392 1130 τὸ
2436 1064 2632 1152 χρεία

382 1162 649 1254 ἶίχρειος
693 1165 1273 1253 προπαροξύτονον
1319 1163 1382 1233 οἳ
1399 1160 1690 1235 ’Ammoi
1738 1165 2099 1254 ἆναλῦγως,
2149 1167 2337 1256 παρὰ
2383 1169 2505 1257 γὰρ
2551 1167 2631 1234 τὸ

380 1267 601 1359 χρεία,
670 1268 1074 1335 Homericam
1137 1288 1289 1335 vero
1353 1271 1604 1336 tonosin
1669 1276 1873 1337 ortam
1937 1272 2139 1339 videri
2204 1290 2390 1355 posse
2459 1271 2632 1338 κατὰ

380 1372 821 1462 συνεκδρομῆν
891 1376 1008 1438 τοῦ
1053 1367 1382 1460 ἀνδρεῖος,
1421 1369 1735 1460 Ἁργεῖος.
1853 1374 2007 1441 Veri
2071 1376 2335 1441 similius
2379 1376 2637 1441 videtur

382 1471 648 1564 ὅχρειος
675 1476 816 1558 lege
862 1476 1328 1559 compositionis
1363 1481 1689 1543 accentum
1711 1483 2059 1544 retractum
2079 1479 2333 1559 habere,
2382 1473 2635 1567 ἆχρῇος

379 1599 529 1646 vero
572 1598 698 1644 non
743 1580 1157 1661 compositum
1200 1599 1361 1662 esse,
1409 1580 1523 1646 sed
1567 1598 1644 1644 ex
1676 1580 1885 1647 Ionico
1933 1570 2196 1668 ἅχρήϊός
2241 1587 2629 1649 contractum

376 1688 450 1749 ut
494 1677 730 1771 ἇδῆϊος
775 1678 1002 1770 ἆδῇος.
1097 1683 1172 1750 111
1195 1682 1549 1763 Atticorum
1592 1682 1771 1749 libris
1793 1683 2026 1766 ubique
2051 1679 2313 1772 ἀχρεῖος
2335 1687 2633 1752 scribitur

377 1792 451 1853 ut
497 1787 793 1872 ζαχρεῖος
838 1784 1097 1851 Theocr.
1153 1786 1334 1852 XXV
1379 1786 1437 1867 6,
1507 1786 1622 1852 sed
1684 1787 1804 1852 hoc
1847 1785 2202 1853 Meinekius
2246 1809 2632 1874 proparoxy-

376 1896 568 1957 tonen
611 1888 777 1955 fecit.
829 1925 900 1936 —
952 1889 1190 1954 Iisdem
1233 1888 1367 1955 fere
1413 1888 1715 1971 gradibus
1762 1890 1959 1955 crevit
2004 1890 2379 1959 adiectivum
2425 1913 2464 1959 a
2489 1892 2629 1960 Ste-

376 1996 585 2079 phano
628 1994 902 2059 relatum
927 1995 1024 2079 Γῆ
1071 1988 1212 2058 ἀπὸ
1237 2017 1357 2059 τοι-
1403 1991 1524 2077 νέα
1548 1992 1821 2079 κραθὲν,
1868 1987 1983 2081 ἀφ’
2016 1982 2090 2060 οὗ
2115 1994 2187 2060 τὸ
2212 1998 2456 2082 γέγειος
2479 2023 2630 2085 κτη-

381 2098 565 2167 τικὸν
612 2098 1018 2184 πλεοιασμῷ
1067 2098 1187 2161 τοῦ
1231 2130 1326 2183 γε,
1377 2089 1422 2181 ²³]
1468 2094 1655 2183 παρὰ
1702 2095 1776 2160 τὸ
1825 2092 2035 2183 γὴὶος,
2084 2091 2199 2186 ἀφ’
2250 2122 2329 2165 ου
2394 2097 2505 2165 καὶ
2552 2097 2629 2165 τὸ

377 2200 602 2291 γηΐιης
648 2195 684 2266 ὃ
734 2196 1088 2283 αὐτόχθων
1143 2198 1254 2265 καὶ
1297 2197 1374 2264 τὸ
1421 2194 1645 2285 γήϊγος
1686 2196 2249 2283 μετουσιαστικόν.
2367 2201 2452 2266 Γ
2418 2228 2634 2292 εγειος

377 2306 513 2372 alii
532 2302 800 2393 ἀρχαῖός
843 2305 1361 2393 interpretantur,
1408 2303 1558 2385 quia
1602 2302 2022 2385 antiquissimi
2075 2302 2375 2389 cuiusque
2417 2311 2630 2373 terrae

378 2409 619 2478 incolae
663 2409 858 2475 iidem
900 2406 1217 2473 habentur
1262 2406 1735 2490 autochthoneS‚
1781 2407 1895 2475 sed
1938 2408 2110 2490 origo
2155 2409 2323 2475 vocis
2367 2428 2631 2494 prorsus

379 2514 654 2595 incerta3
700 2501 964 2596 stirpem
1006 2506 1428 2597 manifestam,
1484 2510 1598 2576 sed
1640 2516 1871 2577 testem
1913 2512 2156 2578 nullum
2198 2512 2394 2579 habet
2434 2518 2631 2600 γεῖος,

380 2619 551 2701 quod
590 2617 998 2684 Hermannus
1044 2611 1124 2677 ab
1150 2611 1462 2695 Aeschylo
1497 2612 1722 2695 Suppl.
1745 2613 1871 2679 825
1916 2609 2221 2698 scriptum
2266 2616 2631 2699 arbitratur,

386 2721 707 2805 nihiloque
731 2718 942 2784 notius
969 2719 1069 2781 est
1090 2720 1508 2798 asynaereton
1535 2717 1724 2801 γεῖος,
1747 2736 1805 2782 v.
1830 2716 2152 2784 Elemm.1
2174 2716 2300 2784 449
2325 2718 2420 2803 [et
2440 2720 2629 2806 283];

342 2872 350 2879 -
380 2826 589 2911 γέίνος
634 2824 894 2891 damnat
935 2819 1333 2903 Phrynichus
1377 2816 1461 2884 97
1476 2871 1491 2900 ,
1539 2815 1726 2907 γήΐος
1770 2820 2081 2886 Arcadius
2125 2820 2209 2886 40
2254 2840 2397 2887 cum
2443 2820 2635 2911 δήϊος

380 2934 447 2994 et
490 2926 675 3013 mj’iog
719 2928 1064 3008 comparat,
1110 2924 1418 2990 usitatum
1461 2941 1613 2989 vero
1658 2927 1759 2988 est
1801 2920 2043 3011 γήϊνος.
2130 2924 2473 2996 Praetereo
2506 2925 2631 2992 duo

386 3031 700 3097 adiectiva
743 3048 784 3096 a
827 3027 1137 3093 similibus
1182 3026 1506 3109 principiis
1553 3026 1798 3091 diverse
1843 3024 2088 3092 deflexa
2119 3029 2315 3107 Κεῖος
2363 3026 2523 3092 Ceus
2568 3034 2636 3096 et

387 3133 592 3222 Τήϊος
620 3131 804 3196 Teius
828 3122 994 3217 [Vol.
1019 3130 1053 3195 I
1096 3129 1222 3198 532
1269 3135 1337 3196 et
1378 3127 1509 3195 414
1551 3148 1611 3195 n.
1636 3129 1696 3210 2,
1743 3147 1937 3212 supra
1958 3148 2019 3212 p.
2053 3128 2177 3215 12],
2201 3132 2314 3196 sed
2340 3132 2668 3217 subvenit¹

379 3237 574 3316 λεῖος,
623 3236 790 3302 unde
833 3234 1119 3302 nonnulli
1161 3252 1389 3300 nomen
1431 3232 1629 3298 vestis
1673 3232 2016 3299 levidensis
2071 3233 2329 3299 ductum
2371 3238 2630 3318 putant3

375 3340 754 3408 Eustathius
785 3337 967 3409 1146.
990 3336 1076 3404 58
1122 3333 1185 3404 οἳ
1201 3332 1495 3404 ’Λτὲικοὶ
1537 3332 1792 3425 λὴΐόιον
1839 3332 2402 3423 τετρασυλλάβως,
2440 3340 2636 3426 περὶ

379 3434 458 3511 οὗ
511 3441 802 3533 Τρύφων
848 3441 1069 3533 φησὶν,
1118 3435 1209 3521 ὥς
1254 3439 1391 3509 ἔστι
1441 3441 1639 3521 λεῖον,
1706 3435 1782 3519 ἐξ
1823 3428 1902 3506 οὗ
1950 3439 2310 3528 παραγωγὴ
2360 3440 2470 3508 διὰ
2519 3445 2642 3510 τοῦ·

377 3551 537 3622 3Τῶ
572 3546 823 3615 λείδιον
880 3545 994 3613 διὰ
1064 3540 1446 3632 διφθόγγου
1513 3543 1624 3610 καὶ
1693 3538 1949 3610 ἐκτάσει
2000 3540 2232 3633 λήδιον
2277 3567 2395 3609 συν
2435 3547 2618 3634 τῷ

379 3646 471 3729 ὥς
517 3633 784 3739 ᾕκαζον,
832 3641 1037 3739 ᾔδειν.
1158 3642 1477 3734 Φιλήμων
1522 3646 1597 3714 δὲ
1641 3642 1991 3744 παροξύνει
2041 3641 2131 3725 ὥς
2173 3645 2251 3711 τὸ
2297 3645 2633 3730 σταμνίον.
2675 3676 2682 3681 ·

380 3752 684 3836 Δίδυμος
730 3751 803 3820 δὲ
869 3748 979 3816 καὶ
1027 3776 1107 3815 αι
1113 3773 1225 3826 τος
1291 3745 1459 3814 οὕτω
1507 3744 1810 3875 δοξάζων
1866 3774 2103 3838 φησιν,
2165 3743 2257 3827 ὥς
2301 3743 2544 3836 ἄλογος
2587 3747 2631 3842 ἢ

382 3849 1043 3943 προπαροξυτόνησις
1097 3853 1217 3918 τοῦ
1264 3847 1515 3940 λῃδιον
1562 3878 1631 3919 αι
1675 3851 1800 3941 γὰρ
1849 3854 1960 3918 διὰ
2006 3858 2125 3917 τοῦ
2170 3854 2261 3925 οἶῖἕ
2313 3863 2627 3943 παραγω·

379 3958 511 4046 γαί,
562 3953 620 4024 εἶ
666 3952 1059 4032 δακτυλικαί
1105 3949 1252 4031 εἶσι,
1303 3953 1437 4042 πρὸ
1484 3958 1642 4041 μιᾶς
1667 3953 1882 4037 ἔχουσι
1904 3953 2019 4019 τὸν
2052 3949 2629 4039 τόιονπαιὸιόν,

380 4058 690 4153 ὁᾳδίον·
758 4058 832 4126 τὸ
879 4058 1004 4147 γὰρ
1066 4076 1103 4128 ὁ·
1162 4058 1281 4123 τοῦ
1328 4053 1780 4143 πρωτοῑὺπου
1833 4054 2029 4124 ἐστίν·
2107 4054 2246 4124 ἀπὸ
2292 4062 2449 4145 γοῦν
2515 4064 2631 4128 τοῦ

378 4165 580 4247 maog
622 4162 713 4248 μὴ
762 4157 1026 4243 ἔχοντος
1070 4153 1229 4231 toa
1196 4162 1257 4172 ““’“
1287 4160 1556 4246 ’γεγονὸς
1598 4157 1674 4225 τὸ
1724 4156 1964 4248 ληδίον
1998 4154 2188 4226 οὒκ”
2162 4187 2239 4226 αν
2286 4159 2454 4243 ἔχὸι
2465 4162 2607 4233 τὸ
2571 4165 2635 4180 ”““

378 4266 680 4368 additque
725 4263 927 4329 Dores
975 4266 1176 4341 λᾶδος
1221 4257 1477 4343 dixisse,
1540 4263 1639 4327 cui
1686 4261 1975 4328 convenit
2020 4259 2267 4350 ληδίον.
2378 4265 2628 4331 Ahren-

379 4363 511 4433 sius
555 4386 706 4433 vero
730 4365 878 4432 Dor.
909 4363 1030 4430 142
1074 4367 1201 4431 illis
1233 4365 1471 4445 λαΐδος
1517 4365 1809 4432 attribuit
1851 4363 1923 4430 ut
1943 4359 2298 4447 Hesychius
2322 4368 2628 4453 scriptum
