2946 4928
399 145 436 160 Q

488 335 617 405 35⁴
930 337 1047 404 DE
1091 318 1820 403 onmoonAPmAE
1861 335 2262 405 GRAEGAE

841 443 890 485 Ο
2492 468 2497 473 .

487 513 824 567 occurrunt
868 511 1000 567 tum
1043 498 1214 586 quod
1242 499 1631 567 simillimum
1675 495 1868 587 εἴπερ
1912 494 2108 587 ὑπὲρ,
2155 497 2231 563 de
2273 520 2395 582 quo
2440 520 2498 563 v.
2542 497 2725 565 Buce-

486 625 785 669 mannum
828 601 920 668 ad
958 601 1134 666 Mida
1152 594 1230 687 [p.
1278 602 1384 668 20.
1472 602 1597 669 Hic
1639 608 1853 669 tamen
1894 601 2055 667 illud
2117 620 2516 684 nequaquam
2582 621 2721 684 pro-

489 705 622 787 bat,
690 705 806 773 sed
847 705 1170 770 &suavem
1211 727 1432 769 sonum
1498 704 1705 771 facere
1769 709 2004 771 censet.
2102 703 2373 769 Veteres
2435 702 2724 769 rhetorici

483 826 860 891 persuasum
881 809 1135 889 habent,
1181 811 1246 873 in
1288 807 1608 875 vocabulis
1649 807 2027 873 collocandis
2068 807 2468 889 potissimum
2511 826 2724 873 nume-

485 930 702 979 rorum
742 912 1054 979 rationem
1072 910 1354 977 habitam
1383 929 1528 976 esse
1550 910 1943 991 multumque
1964 907 2204 977 referre
2225 914 2473 991 putant,
2516 916 2722 977 utrum

486 1014 806 1081 sententia
846 1014 1179 1079 claudatur
1221 1012 1322 1078 his
1367 1012 1656 1096 syllabis:
1702 1009 1792 1091 ὡς
1838 1015 2061 1099 νέφος,
2113 1031 2195 1077 an
2240 1013 2442 1079 auctis
2487 1018 2721 1095 tempo-

485 1117 693 1185 ribus:
740 1112 970 1204 ὥσπερ
1013 1116 1204 1201 νέφος
1266 1120 1334 1181 et
1375 1116 1673 1196 amplius:
1742 1110 2033 1200 ὡσπερεὶ
2103 1115 2327 1202 νέφος,
2373 1135 2432 1180 v.
2482 1115 2719 1198 Taylor.

486 1221 569 1286 ad
591 1219 770 1285 Dem.
796 1217 936 1285 Gor.
980 1237 1040 1299 p.
1091 1217 1214 1283 167
1239 1217 1306 1283 Τ.
1352 1217 1386 1283 I
1429 1218 1528 1293 ed.
1549 1217 1783 1298 Reisk.,
1829 1235 1957 1301 qua
1998 1216 2063 1282 in
2107 1235 2189 1281 re
2220 1217 2403 1285 nobis
2444 1218 2719 1300 plerum-

485 1341 608 1405 que
655 1322 939 1404 argutari
981 1321 1293 1399 videntur.
1381 1321 1476 1386 Ac
1520 1321 1576 1387 si
1618 1322 1910 1403 antiquos
1976 1320 2371 1403 eloquentiae
2438 1326 2722 1386 auctores

331 1452 358 1529 ζ
484 1444 609 1493 non
652 1443 956 1507 negamus
999 1425 1085 1490 id·
1110 1423 1232 1489 sibi
1276 1442 1465 1491 curae
1508 1420 1827 1503 habuisse,
1873 1416 1951 1488 ut'
1988 1422 2184 1488 verba
2205 1428 2353 1505 apte
2396 1429 2466 1489 et
2506 1442 2719 1488 nume-

482 1547 628 1597 rose
674 1528 989 1607 caderent,
1034 1531 1250 1593 tamen
1291 1527 1478 1607 longe
1522 1525 1721 1607 abest,
1766 1531 1840 1591 ut
1870 1526 2225 1593 vocalitatis
2245 1525 2420 1607 leges
2445 1525 2716 1603 scriben-

482 1633 641 1705 tium
686 1631 893 1697 animo
937 1628 1201 1695 obscure
1223 1629 1568 1709 impressas
1592 1629 1951 1695 coniectura
1985 1628 2239 1711 assequi
2261 1629 2597 1709 possimne,
2648 1627 2718 1694 cf.

483 1735 566 1803 ad
607 1734 837 1816 Phryn.
886 1732 1027 1799 708.
1117 1732 1442 1797 Hactenus
1488 1733 1569 1797 de
1613 1733 1861 1814 syntaxi
1892 1750 2109 1797 vocum
2141 1732 2318 1796 iuxta
2356 1734 2718 1813 positarum.

652 1837 728 1902 In
772 1835 1055 1918 synthesi
1098 1852 1568 1917 nonnumquam
1609 1834 1991 1916 obstrigillat
2031 1834 2414 1917 praepositio
2482 1832 2597 1914 ξύν
2644 1873 2710 1882 -

484 1935 757 2024 ξύζυγος
819 1938 971 2002 Eur.
993 1985 1012 2016 ,
1102 1935 1393 2023 ξῦζευξις
1456 1936 1617 2002 Plat.
1641 1986 1657 2017 ,
1749 1955 1912 2031 quae
1976 1933 2332 2002 nonnullo(
2384 1935 2716 2007 offendisse

484 2042 763 2108 ostendit
806 2038 1030 2105 crebra
1070 2036 1374 2104 librorum
1405 2038 1721 2119 titubatio,
1767 2059 1823 2105 v.
1846 2039 2075 2105 Parall.
2119 2058 2180 2120 p.
2204 2038 2306 2107 32.
2396 2039 2552 2105 Tres
2586 2059 2715 2104 mu·

482 2149 584 2213 tas
627 2144 693 2209 in
736 2161 865 2208 una
908 2158 1058 2206 voce
1103 2141 1480 2233 coniungere
1503 2146 1679 2206 vetat
1721 2143 1942 2225 regula
1986 2142 2309 2222 catholica,
2354 2142 2532 2206 cuius
2576 2162 2710 2223 par·

478 2251 611 2313 tem
652 2244 958 2327 proponit.
986 2243 1349 2309 Priscianus
1393 2243 1425 2307 I
1469 2241 1530 2306 8.
1575 2241 1678 2308 44.
1723 2243 1822 2327 (Τ.
1846 2244 1879 2308 Ι
1921 2243 2034 2327 42)
2077 2266 2202 2308 non
2258 2255 2469 2329 potest
2516 2243 2715 2330 dupli-

482 2349 629 2412 cari
668 2368 943 2411 consona
983 2347 1120 2411 alia
1160 2346 1561 2430 subsequente
1606 2368 1909 2429 consona,
1974 2345 2279 2431 quomodo
2323 2369 2436 2410 nec
2479 2356 2712 2411 antece-

482 2449 684 2533 dente,
727 2450 864 2514 m'ai
899 2450 984 2515 ait
1025 2462 1199 2514 ‘muta
1243 2461 1383 2513 ante
1405 2447 1715 2534 liquidam
1756 2461 1826 2515 ut
1850 2448 2189 2538 suffmqw,
2234 2450 2525 2536 supplex,
2571 2474 2714 2537 quo·

479 2553 663 2619 modo
708 2554 894 2618 etiam
938 2552 1117 2639 apud
1158 2547 1439 2617 Graebos
1492 2554 1769 2640 Φθέγγμ
1777 2580 1840 2621 α.
1927 2553 2068 2618 Hac
2119 2554 2199 2619 de
2262 2572 2415 2620 voce
2481 2555 2713 2621 discre-

485 2662 644 2740 pant
706 2659 1260 2740 grammaticorum
1327 2656 1707 2722 sententiae:
1782 2656 2071 2742 Φθέγμα
2117 2655 2155 2723 ὅ
2198 2656 2320 2740 μὲν
2350 2650 2570 2745 Ὦρος
2634 2653 2715 2725 δι’

478 2757 625 2840 ἑνὸς
663 2751 719 2848 {s
758 2761 929 2848 λέγει
954 2758 1353 2850 γράφεσθαι,
1395 2757 1433 2827 ὃ
1472 2754 1979 2849 δὲἩρωδιανὸς
2002 2758 2112 2827 διὰ
2136 2752 2252 2826 6150
2273 2759 2421 2828 ΕΜ.
2444 2758 2587 2826 792.
2617 2758 2717 2841 34,

479 2881 644 2945 quae
689 2864 1005 2947 scriptura
1046 2885 1173 2931 non
1213 2869 1529 2946 repugnat
1560 2862 1847 2943 manem,
1914 2863 2063 2944 quia
2127 2881 2381 2945 gamma
2442 2864 2716 2946 liquidae

485 2967 690 3032 instar
729 2967 1019 3048 habetur,
1064 2968 1178 3034 sed
1221 2986 1389 3033 nunc
1416 2966 1652 3049 ubique
1672 2966 1907 3047 legitur
1951 2965 2247 3054 φθέγμα,
2294 2968 2484 3049 idque
2505 2973 2719 3033 nostro

479 3069 580 3134 ori
623 3071 1167 3140 accommodatius.
1255 3070 1398 3135 Non
1440 3069 1648 3134 minus
1686 3059 2019 3135 'offendunt
2060 3073 2192 3134 tres
2221 3056 2500 3150 liquidae
2542 3069 2716 3136 verbi

483 3171 1064 3261 συμμνημονεύειν,
1110 3191 1228 3240 nec
1251 3174 1452 3239 sinem
1481 3173 1778 3239 olimento
1801 3173 2072 3254 quodam
2094 3174 2580 3254 pronunciamus
2605 3171 2710 3242 ἐκ·

455 3272 810 3359 [πτόμενος
831 3276 1024 3343 Arist.
1046 3277 1204 3343 ΛΠ.
1229 3275 1373 3357 788,
1419 3275 1759 3360 ἔκᾶττωμα,
1793 3275 2152 3355 ἔκπτωτος,
2198 3276 2312 3343 sed
2330 3283 2711 3343 excusantur

478 3379 760 3462 synthesi
813 3384 887 3444 ut
929 3374 1224 3460 ἐνζεῦξαι
1288 3386 1356 3446 et
1396 3376 1846 3467 μελάνζοφος,
1913 3398 2077 3462 quae
2141 3381 2208 3446 in
2248 3380 2392 3447 EM.
2439 3379 2586 3447 370.
2634 3378 2708 3446 19

475 3481 556 3549 ob
605 3483 727 3548 hoc
785 3482 999 3564 ipsum
1063 3479 1430 3550 afferuhtur.
1538 3481 1783 3550 Eadem
1845 3483 2092 3549 ratione
2157 3483 2411 3554 defendi
2474 3483 2705 3567 poterit

396 3658 407 3671 .
471 3581 968 3673 καπφθίμενος,
1014 3584 1428 3669 siEuripides
1470 3586 1565 3654 ita
1586 3586 1843 3668 scripsit
1858 3585 2048 3652 Rhes.
2073 3585 2216 3654 368.
2302 3583 2704 3671 Δι’νσστομος

471 3687 756 3770 plerique
778 3687 1216 3756 emolliverunt
1235 3689 1469 3756 omisso
1493 3690 1712 3772 sigma,
1734 3690 2044 3772 quomodo
2067 3689 2262 3756 etiam
2282 3690 2475 3757 verbo
2502 3713 2707 3777 προσ·
2772 3691 2781 3696 ’

473 3795 647 3872 σχεῖν
670 3792 1058 3858 succurritur
1077 3791 1167 3876 [p.
1197 3791 1317 3859 143
1339 3812 1399 3859 n.
1428 3793 1522 3878 1];
1547 3793 1659 3859 sed
1682 3792 1980 3881 invictum
2001 3811 2071 3861 se
2093 3794 2361 3876 praebet
2388 3791 2707 3883 ἐξείρξετε

474 3891 733 3977 (Parall.
758 3893 872 3977 36)
918 3895 1204 3976 quamvis
1247 3896 1483 3962 nostris
1528 3894 1787 3962 auribus
1811 3896 2292 3963 intolerandum.
2382 3895 2510 3963 Sed
2551 3883 2707 3964 haec

473 4014 768 4064 sonorum
812 3996 1199 4065 Graecorum
1243 4016 1322 4064 ex
1364 4001 1582 4064 nostro
1627 4016 1819 4066 sensu
1858 4000 2219 4070 aestimatio
2282 4005 2416 4068 toto
2479 4018 2708 4083 genere

471 4098 665 4166 fallax
709 4106 776 4166 et
815 4100 1103 4182 precaria
1143 4105 1249 4168 est
1288 4104 1549 4182 propter
1593 4088 1905 4170 summam
1920 4103 2161 4170 'veteris
2204 4119 2528 4185 novaeque
2555 4123 2699 4186 pro-

469 4202 724 4268 lationis
765 4200 1204 4269 differentiam.
1292 4202 1459 4281 Quid
1524 4203 1695 4269 enim
1735 4222 1776 4270 a
1812 4210 2037 4272 nostra
2077 4206 2536 4273 consuetudine·
2567 4207 2701 4272 lon·

470 4304 613 4388 gius
657 4303 956 4372 abhorret
990 4322 1180 4385 quam
1200 4323 1387 4374 voces
1407 4305 1805 4375 huiusmodi:
1848 4305 2138 4393 βδάλλω,
2185 4312 2417 4394 κτῆμα,
2459 4313 2703 4396 μνῆμα,
