2946 4928
453 350 580 419 348
908 353 1022 418 DE
1070 350 1796 420 ORTHOGRAPHIAE
1843 351 2238 421 GRAECAE

453 518 665 584 tione
712 511 865 603 πρό
912 518 1362 599 composita,
1409 532 1573 600 quae
1596 516 1838 600 epsilon
1861 518 1963 584 vel
2005 536 2046 583 a
2087 517 2581 591 naturahabent
2601 522 2697 586 vel

451 622 519 688 in
562 621 880 686 declinatu
914 621 1256 701 accipiunt:
1302 615 1382 686 οὗ
1427 612 1817 704 προῦλεγον,
1863 617 1944 688 οὐ
1990 618 2486 709 προεσήμαινον
2509 617 2694 708 ἧμῖνς

459 723 684 789 Aesch.
731 741 781 790 c.
828 721 996 788 CteS.
1041 742 1101 805 p.
1149 722 1305 804 749,
1371 744 1431 806 p.
1478 723 1622 790 425.
1674 724 1796 791 130
1861 724 2008 804 Bk,
2078 725 2518 812 προεκαλεῖτο
2586 723 2695 792 καὶ

457 819 841 913 προῗῖτρεπε
887 826 1053 891 Plut.
1098 846 1154 893 v.
1197 826 1333 892 NiC.
1377 827 1470 892 IX
1516 826 1661 893 509.
1705 827 1788 893 27
1807 878 1822 908 ,
1889 827 2047 893 illud
2112 833 2330 894 contra
2375 826 2696 894 Schaeferi

456 931 780 996 decretum
824 929 890 994 in
935 929 1169 1011 Appar.
1206 930 1274 997 T.
1319 929 1351 995 I
1396 928 1556 996 595:
1602 929 1815 994 Atthis
1859 930 2135 1016 solutam
2175 930 2244 994 in
2287 931 2521 996 talibus
2544 929 2693 1015 for-

455 1056 620 1095 mam
664 1044 1025 1114 aversatur-‚-
1069 1051 1268 1114 quare
1293 1035 1666 1119 προέδοσαν
1710 1033 1829 1099 hoc
1871 1033 2007 1098 loco
2050 1038 2116 1098 et
2154 1032 2695 1123 προεπηλάκιζον

454 1154 515 1217 p.
569 1134 704 1202 126.
750 1135 793 1200 8
835 1135 1055 1215 reiicit,
1125 1136 1238 1201 sed
1280 1136 1685 1218 reperiuntur
1732 1136 2007 1218 plurima
2070 1137 2195 1202 alia
2239 1136 2409 1218 apud
2453 1137 2695 1220 Thucy-

457 1239 669 1307 didem
716 1238 799 1321 (v,
842 1237 1060 1319 Poppo
1103 1239 1291 1304 Proll.
1336 1238 1370 1302 I
1412 1238 1569 1321 216)
1616 1243 1682 1304 et
1727 1240 2045 1321 aequales,
2089 1240 2322 1322 partim
2357 1241 2695 1308 contractis

452 1342 655 1407 vicina
686 1346 759 1424 ut
785 1366 915 1428 προ
925 1336 1238 1410 ὖδίδοσαν
1260 1343 1405 1424 LyS.
1433 1359 1485 1408 c.
1507 1342 1776 1425 Polystr.
1798 1362 1857 1424 p.
1888 1342 2027 1408 158.
2049 1341 2133 1409 24
2156 1344 2250 1424 R„
2274 1363 2334 1425 p.
2360 1341 2508 1409 323.
2535 1344 2575 1407 5
2601 1342 2694 1425 B„

454 1451 521 1512 et
561 1447 629 1512 in
670 1447 996 1513 enuntiato
1049 1446 1333 1527 proximo
1379 1446 1725 1531 προέδωκε
1747 1495 1764 1526 ,
1810 1464 1961 1527 pars
2004 1446 2252 1529 longius
2297 1451 2690 1529 separata.-

456 1548 510 1615 O
523 1549 805 1631 ptati³vi
827 1549 1119 1630 passivae
1140 1548 1383 1614 formae
1401 1549 1675 1630 speciem
1702 1550 2013 1631 duplicem
2023 1568 2103 1615 ne
2116 1550 2429 1616 Isocrates
2441 1550 2697 1632 quidem

453 1670 580 1718 uno
622 1651 758 1717 loco
802 1653 1180 1734 coniungere
1222 1653 1463 1720 veritus
1506 1658 1607 1719 est
1628 1653 1988 1719 Archidam.
2035 1671 2086 1718 c.
2114 1650 2193 1717 19
2236 1673 2297 1735 p.
2327 1650 2468 1720 139.
2512 1652 2599 1719 47
2622 1654 2697 1722 Β.

453 1759 583 1821 τῶν
629 1755 784 1840 περὶ
837 1751 1068 1841 Θήβας
1110 1752 1171 1821 εἰ
1214 1756 1687 1844 μνησθείημεν,
1732 1753 1850 1823 ἐπὶ
1894 1761 2035 1835 τοῖς
2100 1758 2554 1843 γεγενημένοις
2622 1751 2698 1823 ἓν

383 1904 388 1909 -
454 1857 902 1944 λυπηθεῖμεν,
971 1857 1142 1939 quod
1204 1877 1239 1924 e
1286 1859 1462 1925 codd.
1508 1859 1925 1925 substitutum
1991 1863 2093 1925 est
2154 1860 2411 1941 vulgato
2480 1862 2698 1948 λυπη-

453 1958 752 2047 θειήμεν.
797 1959 981 2026 Nunc
1002 1965 1257 2041 recepto
1281 1962 1574 2027 convenit
1591 1961 1750 2028 Xen.
1782 1961 2056 2028 Hell.1V
2077 1962 2137 2027 8.
2168 1960 2244 2027 15
2291 1961 2365 2029 οἵ
2401 1986 2471 2028 τε
2491 1958 2695 2051 Ἀθη-

454 2065 628 2129 ναῖοι
676 2061 1063 2150 ἐφοβοῦντο,
1109 2062 1200 2151 μή
1244 2059 1534 2150 Λήμνου
1580 2070 1983 2152 στερηθεῖεν,
2031 2063 2104 2131 οἵ
2139 2091 2210 2132 τε
2249 2068 2559 2153 Θηβαῖοι,
2606 2070 2698 2155 μὴ

455 2161 1053 2254 ἀναγκασθείησαν.
1104 2203 1176 2213 -
1227 2166 1392 2231 Hinc
1432 2167 1576 2249 ipsa
1615 2187 1831 2234 rerum
1876 2169 2071 2235 series
2115 2169 2241 2234 nos‘
2294 2169 2551 2235 deducit
2618 2170 2699 2235 ad

454 2268 766 2351 optativos
811 2269 1092 2336 eiusdem
1135 2271 1453 2351 temporie,
1501 2289 1770 2353 quorum
1815 2271 2045 2354 duplex
2084 2271 2305 2353 forma,
2350 2273 2699 2339 communis

454 2373 837 2454 Aeolicaque
879 2374 945 2438 in
989 2392 1185 2438 unum
1207 2373 1415 2439 locum
1437 2375 1883 2457 compingitur:
1932 2373 2167 2461 ἔλεγεν,
2213 2370 2699 2454 ὡςΛακεδαι-

452 2474 677 2561 μόνιοι
726 2472 1210 2563 πολεμήσειαν
1243 2475 1493 2557 αὐτοῖς,
1541 2475 1646 2544 ὅτι
1694 2475 1815 2546 οὐκ
1848 2477 2295 2565 ’ἐθελήσαιεν
2343 2515 2417 2528 -·
2469 2478 2695 2548 ἐλθεῖν

454 2576 552 2648 ἐπ’
605 2575 805 2647 αὐτὸν
850 2575 1006 2647 οἶδὲ
1051 2583 1261 2645 θῦσαι
1308 2576 1608 2647 ἐάσαιεν
1654 2579 1896 2660 αὐτούς
1938 2583 2095 2648 Xen.
2140 2582 2304 2648 Hell.
2349 2582 2473 2647 Vll
2517 2582 2550 2647 I
2597 2581 2699 2662 34,

456 2681 933 2751 κινδυνεύσειαν
982 2720 1056 2731 —-
1108 2682 1591 2750 κινδυνεύσοιεν
1635 2685 1759 2751 VII
1801 2685 1860 2750 4.
1908 2685 2008 2765 34,
2052 2680 2286 2762 οὐθεὶς
2331 2680 2408 2749 ἂν
2454 2680 2696 2753 ὀνειδί-

456 2813 568 2857 σει
587 2813 618 2855 ε
663 2789 911 2874 τυφλῷ,
964 2783 1131 2852 ἀλλὰ
1163 2786 1419 2867 μᾶλλον
1444 2783 1737 2874 ἓλεήσαι
1763 2788 1954 2855 Arist.
1979 2789 2216 2855 Nicom.
2240 2786 2339 2853 III
2376 2787 2414 2850 7
2438 2808 2501 2870 p.
2531 2787 2696 2854 1114

458 2913 497 2957 a
541 2888 643 2971 26,
689 2887 804 2957 οὐκ
851 2884 929 2957 ἂν
977 2884 1384 2976 ἀγαπήσειεν
1429 2883 1593 2971 ῗῖψει
1640 2890 2167 2976 καρπωσόμενος
2211 2888 2351 2959 οὔδ’
2403 2885 2482 2956 ὃν
2540 2886 2701 2957 ὕπο·

456 2992 672 3079 μείναι
717 2992 975 3058 Lucian.
1022 2992 1104 3057 de
1145 2990 1324 3058 Dom.
1372 2993 1407 3077 ἕ
1454 2994 1513 3057 2.
1565 2993 1708 3058 -304
1754 2994 1822 3059 Τ.
1857 2993 1996 3073 ΠΙ,
2065 2999 2132 3059 et
2196 2994 2568 3077 saepissime
2636 2994 2705 3059 in

460 3094 880 3177 Theophrasti
921 3093 1087 3158 Hist.
1135 3093 1227 3157 Pl.
1275 3090 1542 3174 δόξειαν
1587 3090 1666 3161 ὃν
1713 3088 1879 3162 εἶναι
1927 3096 2106 3183 ῥίζαι
2157 3135 2227 3143 -
2280 3093 2398 3163 οὐκ
2444 3091 2526 3163 ἂν
2583 3093 2702 3165 δό-

460 3200 641 3279 ξαιεν
683 3199 716 3264 1
761 3196 818 3263 6.
862 3195 924 3275 8,
968 3215 1093 3278 quo
1135 3198 1271 3263 loco
1318 3198 1384 3262 in
1426 3198 1582 3264 Urb.
1625 3204 1963 3280 utrumque
2007 3201 2231 3266 eodem
2295 3201 2481 3266 modo
2548 3203 2703 3266 scri-

458 3307 639 3385 ptum
682 3306 784 3367 est
825 3299 1110 3378 δόξαιεν,
1182 3302 1297 3368 sed
1338 3302 1404 3366 in
1450 3302 1860 3384 sequentibus
1904 3301 2313 3369 multifariam
2355 3304 2705 3371 miscentur

462 3404 673 3485 δόξειε
718 3409 786 3471 et
827 3403 1074 3485 plurale
1121 3399 1385 3488 δόξειαν
1416 3406 1922 3486 contrariumque
1965 3405 2113 3471 huic
2156 3405 2437 3486 δόξαιεν.
2520 3407 2705 3473 Haec

461 3509 884 3576 Schneiderus
930 3526 1131 3589 aequo
1173 3508 1354 3589 pede,
1398 3513 1473 3572 ut
1517 3508 1711 3586 aiunt,
1756 3509 2199 3589 transscendit,
2247 3511 2360 3576 sed
2410 3510 2707 3576 adhaesit

463 3613 545 3678 ad
587 3612 747 3677 Xen.
796 3611 874 3676 de
919 3628 1049 3691 rep.
1096 3610 1324 3675 Athen.
1370 3610 1437 3674 H
1488 3609 1564 3674 15
1612 3614 1722 3676 νῦν
1766 3610 1890 3698 γὰρ
1937 3609 2386 3687 στασιάσαιεν,
2456 3610 2706 3680 ἐλπίδα

462 3709 539 3780 ἃν
585 3714 839 3796 ἔχοντες
883 3718 1022 3791 τοῖς
1065 3711 1418 3794 πολεμίοις
1440 3709 1895 3779 στασιάσειαν·
1939 3713 2106 3776 mira
2128 3725 2239 3795 est,
2284 3715 2508 3797 inquit,
2555 3714 2706 3778 haec

461 3818 733 3882 variatio
779 3816 1086 3880 orationis
1099 3839 1121 3897 ,-
1165 3834 1330 3898 quae
1373 3817 1512 3881 eius
1556 3816 1752 3881 verba
1775 3814 2150 3881 Schaeferus
2197 3815 2383 3883 affert
2425 3818 2490 3881 in
2522 3816 2703 3884 Dem.

460 3921 628 3986 Fals
672 3921 823 4001 Leg.
868 3918 1013 4000 351,
1080 3919 1189 3984 ubi
1233 3920 1410 3984 codd.
1476 3919 1644 3985 inter
1703 3915 1897 3998 δόξαι
1965 3924 2032 3984 et
2097 3914 2312 3998 δόξειε
2376 3918 2705 4001 fluctuant,

432 4042 579 4089 ¹nec
623 4026 837 4087 tamen
881 4026 992 4087 aut
1037 4022 1510 4104 approbationis
1555 4026 1666 4087 aut
1693 4021 2182 4108 improbationis·
2195 4022 2444 4103 signum
2486 4023 2707 4103 mittit,

464 4127 579 4193 sed
623 4144 759 4191 rem
804 4123 1076 4190 absolvit
1117 4124 1321 4191 facete
1394 4125 1593 4192 dicto:
1642 4122 1853 4209 facile
1920 4124 2092 4189 tollet
2153 4124 2230 4192 τὸ
2299 4120 2706 4213 ὁμάλιστρον

460 4240 821 4294 nostrorum
866 4227 1227 4292 criticorum
1271 4227 1431 4309 App.
1479 4229 1547 4292 T.
1594 4228 1659 4292 II
1703 4225 1847 4293 452.
1935 4228 2056 4293 Est
2121 4245 2273 4292 sane
2338 4245 2574 4309 anceps
2641 4231 2709 4294 et

470 4332 889 4418 periculosum
933 4331 1052 4396 hoc
1094 4332 1583 4397 instrumentum
1626 4349 1752 4398 non
1808 4332 2011 4398 solum
2074 4331 2139 4396 in
2181 4331 2374 4397 rebus
2416 4330 2706 4415 publiciS,
