<?xml version="1.0" encoding="UTF-8"?>
<!DOCTYPE html PUBLIC "-//W3C//DTD XHTML 1.0 Transitional//EN"
    "http://www.w3.org/TR/xhtml1/DTD/xhtml1-transitional.dtd">
<html xmlns="http://www.w3.org/1999/xhtml" xml:lang="en" lang="en">
 <head>
  <title>
</title>
<meta http-equiv="Content-Type" content="text/html;charset=utf-8" />
  <meta name='ocr-system' content='tesseract 3.04.00' />
  <meta name='ocr-capabilities' content='ocr_page ocr_carea ocr_par ocr_line ocrx_word'/>
</head>
<body>
  <div class='ocr_page' id='page_1' title='image "./pathologiaegrae02lobegoog_0144.png"; bbox 0 0 2946 4928; ppageno 0'>
   <div class='ocr_carea' id='block_1_1' title="bbox 451 313 1924 403">
    <p class='ocr_par' dir='ltr' id='par_1_1' title="bbox 451 313 1924 403">
     <span class='ocr_line' id='line_1_1' title="bbox 451 313 1924 403; baseline 0.001 -22"><span class='ocrx_word' id='word_1_1' title='bbox 451 314 575 382; x_wconf 80' lang='lat'>128</span> <span class='ocrx_word' id='word_1_2' title='bbox 770 382 789 403; x_wconf 63' lang='grc'>,</span> <span class='ocrx_word' id='word_1_3' title='bbox 1190 313 1770 382; x_wconf 82' lang='lat' dir='ltr'>-DISSERTATIO</span> <span class='ocrx_word' id='word_1_4' title='bbox 1815 314 1924 383; x_wconf 80' lang='lat' dir='ltr'>VL</span> 
     </span>
    </p>
   </div>
   <div class='ocr_carea' id='block_1_2' title="bbox 396 477 2696 3452">
    <p class='ocr_par' dir='ltr' id='par_1_2' title="bbox 441 477 2691 2422">
     <span class='ocr_line' id='line_1_2' title="bbox 448 477 2685 570; baseline 0 -26"><span class='ocrx_word' id='word_1_5' title='bbox 448 477 835 561; x_wconf 82' lang='lat' dir='ltr'>diphthongo</span> <span class='ocrx_word' id='word_1_6' title='bbox 878 477 1134 563; x_wconf 85' lang='lat' dir='ltr'>propria</span> <span class='ocrx_word' id='word_1_7' title='bbox 1176 477 1242 548; x_wconf 66' lang='lat'>31</span> <span class='ocrx_word' id='word_1_8' title='bbox 1290 478 1357 543; x_wconf 92' lang='lat' dir='ltr'>in</span> <span class='ocrx_word' id='word_1_9' title='bbox 1399 478 1807 562; x_wconf 81' lang='lat' dir='ltr'><strong>impropriam</strong></span> <span class='ocrx_word' id='word_1_10' title='bbox 1862 481 1925 570; x_wconf 72' lang='grc' dir='ltr'>’ῃ-</span> <span class='ocrx_word' id='word_1_11' title='bbox 1970 480 2323 559; x_wconf 64' lang='lat' dir='ltr'>eontractog</span> <span class='ocrx_word' id='word_1_12' title='bbox 2374 478 2685 560; x_wconf 81' lang='lat' dir='ltr'>quomodo</span> 
     </span>
     <span class='ocr_line' id='line_1_3' title="bbox 445 578 2685 671; baseline 0 -24"><span class='ocrx_word' id='word_1_13' title='bbox 445 583 634 664; x_wconf 85' lang='lat' dir='ltr'>vulgo</span> <span class='ocrx_word' id='word_1_14' title='bbox 678 580 777 647; x_wconf 89' lang='lat' dir='ltr'>fit:</span> <span class='ocrx_word' id='word_1_15' title='bbox 825 578 1416 670; x_wconf 72' lang='grc' dir='ltr'><strong><em>φιλέ-εαι-φιλέῃ</em></strong></span> <span class='ocrx_word' id='word_1_16' title='bbox 1462 587 1529 648; x_wconf 90' lang='lat' dir='ltr'>et</span> <span class='ocrx_word' id='word_1_17' title='bbox 1571 583 1803 648; x_wconf 90' lang='lat' dir='ltr'>iterata</span> <span class='ocrx_word' id='word_1_18' title='bbox 1846 582 2010 661; x_wconf 86' lang='lat' dir='ltr'>crasi</span> <span class='ocrx_word' id='word_1_19' title='bbox 2035 582 2225 671; x_wconf 80' lang='grc' dir='ltr'><strong><em>φιλῇ,</em></strong></span> <span class='ocrx_word' id='word_1_20' title='bbox 2258 584 2474 671; x_wconf 57' lang='lat' dir='ltr'>peu-95:</span> <span class='ocrx_word' id='word_1_21' title='bbox 2559 579 2685 648; x_wconf 87' lang='lat' dir='ltr'>Sed</span> 
     </span>
     <span class='ocr_line' id='line_1_4' title="bbox 445 681 2684 773; baseline 0 -21"><span class='ocrx_word' id='word_1_22' title='bbox 445 690 705 767; x_wconf 86' lang='lat' dir='ltr'>recepta</span> <span class='ocrx_word' id='word_1_23' title='bbox 749 685 1061 767; x_wconf 91' lang='lat' dir='ltr'>scriptura</span> <span class='ocrx_word' id='word_1_24' title='bbox 1102 685 1306 749; x_wconf 91' lang='lat' dir='ltr'>utitur</span> <span class='ocrx_word' id='word_1_25' title='bbox 1347 684 1611 767; x_wconf 90' lang='lat' dir='ltr'>Epim.1</span> <span class='ocrx_word' id='word_1_26' title='bbox 1654 684 1777 750; x_wconf 84' lang='grc'>327</span> <span class='ocrx_word' id='word_1_27' title='bbox 1825 684 1909 751; x_wconf 85' lang='lat' dir='ltr'>ad</span> <span class='ocrx_word' id='word_1_28' title='bbox 1952 685 2394 767; x_wconf 85' lang='lat' dir='ltr'>explicandum</span> <span class='ocrx_word' id='word_1_29' title='bbox 2440 681 2475 749; x_wconf 81' lang='grc' dir='ltr'>ὅ</span> <span class='ocrx_word' id='word_1_30' title='bbox 2491 710 2530 772; x_wconf 82' lang='grc' dir='ltr'><strong><em>ρ</em></strong></span> <span class='ocrx_word' id='word_1_31' title='bbox 2546 710 2584 773; x_wconf 85' lang='grc' dir='ltr'><strong><em>η</em></strong></span> <span class='ocrx_word' id='word_1_32' title='bbox 2601 711 2642 751; x_wconf 87' lang='grc' dir='ltr'><strong><em>α</em></strong></span> <span class='ocrx_word' id='word_1_33' title='bbox 2659 711 2684 752; x_wconf 91' lang='grc' dir='ltr'><strong><em>ι</em></strong></span> 
     </span>
     <span class='ocr_line' id='line_1_5' title="bbox 447 783 2689 877; baseline 0 -23"><span class='ocrx_word' id='word_1_34' title='bbox 447 789 543 873; x_wconf 90' lang='lat' dir='ltr'>(id</span> <span class='ocrx_word' id='word_1_35' title='bbox 588 793 687 853; x_wconf 86' lang='lat' dir='ltr'>est</span> <span class='ocrx_word' id='word_1_36' title='bbox 732 783 944 877; x_wconf 77' lang='grc' dir='ltr'><strong><em>ὁρᾷς),</em></strong></span> <span class='ocrx_word' id='word_1_37' title='bbox 1011 787 1182 869; x_wconf 89' lang='lat' dir='ltr'>quod</span> <span class='ocrx_word' id='word_1_38' title='bbox 1247 788 1445 852; x_wconf 88' lang='lat' dir='ltr'>ectasi</span> <span class='ocrx_word' id='word_1_39' title='bbox 1490 792 1744 852; x_wconf 89' lang='lat' dir='ltr'>auctum</span> <span class='ocrx_word' id='word_1_40' title='bbox 1788 788 1940 854; x_wconf 88' lang='lat' dir='ltr'>dicit</span> <span class='ocrx_word' id='word_1_41' title='bbox 2006 783 2150 854; x_wconf 73' lang='grc' dir='ltr'><strong><em>ἀντὶ</em></strong></span> <span class='ocrx_word' id='word_1_42' title='bbox 2196 791 2315 854; x_wconf 82' lang='grc' dir='ltr'>τοῦ</span> <span class='ocrx_word' id='word_1_43' title='bbox 2362 783 2556 876; x_wconf 82' lang='grc' dir='ltr'><strong><em>ὁρέαι</em></strong></span> <span class='ocrx_word' id='word_1_44' title='bbox 2601 785 2689 867; x_wconf 84' lang='grc' dir='ltr'>ὡς</span> 
     </span>
     <span class='ocr_line' id='line_1_6' title="bbox 444 888 2684 979; baseline 0 -22"><span class='ocrx_word' id='word_1_45' title='bbox 444 889 723 975; x_wconf 83' lang='grc' dir='ltr'><strong><em>μυθέαι,</em></strong></span> <span class='ocrx_word' id='word_1_46' title='bbox 791 890 1019 973; x_wconf 81' lang='lat' dir='ltr'>quibus</span> <span class='ocrx_word' id='word_1_47' title='bbox 1072 889 1216 954; x_wconf 88' lang='lat' dir='ltr'>EM.</span> <span class='ocrx_word' id='word_1_48' title='bbox 1264 888 1407 956; x_wconf 84' lang='lat'><strong>621.</strong></span> <span class='ocrx_word' id='word_1_49' title='bbox 1454 888 1537 956; x_wconf 89' lang='grc'>37</span> <span class='ocrx_word' id='word_1_50' title='bbox 1606 890 1785 956; x_wconf 86' lang='lat' dir='ltr'>addit</span> <span class='ocrx_word' id='word_1_51' title='bbox 1850 889 2063 974; x_wconf 86' lang='grc' dir='ltr'><strong><em>ὁίζεαι</em></strong></span> <span class='ocrx_word' id='word_1_52' title='bbox 2130 890 2372 979; x_wconf 19' lang='grc' dir='ltr'><strong><em>δικζηαι</em></strong></span> <span class='ocrx_word' id='word_1_53' title='bbox 2457 891 2684 974; x_wconf 80' lang='lat' dir='ltr'>Neque</span> 
     </span>
     <span class='ocr_line' id='line_1_7' title="bbox 446 992 2686 1075; baseline 0 -15"><span class='ocrx_word' id='word_1_54' title='bbox 446 999 666 1060; x_wconf 91' lang='lat' dir='ltr'>contra</span> <span class='ocrx_word' id='word_1_55' title='bbox 707 994 881 1060; x_wconf 84' lang='lat' dir='ltr'>valet</span> <span class='ocrx_word' id='word_1_56' title='bbox 924 993 1348 1075; x_wconf 82' lang='lat' dir='ltr'>discrepantia</span> <span class='ocrx_word' id='word_1_57' title='bbox 1390 998 1717 1074; x_wconf 88' lang='lat' dir='ltr'>accentus;</span> <span class='ocrx_word' id='word_1_58' title='bbox 1762 1013 1910 1060; x_wconf 90' lang='lat' dir='ltr'>nam</span> <span class='ocrx_word' id='word_1_59' title='bbox 1952 994 2008 1060; x_wconf 90' lang='lat' dir='ltr'>is</span> <span class='ocrx_word' id='word_1_60' title='bbox 2055 999 2494 1061; x_wconf 74' lang='lat' dir='ltr'>controversus</span> <span class='ocrx_word' id='word_1_61' title='bbox 2538 992 2686 1060; x_wconf 88' lang='lat' dir='ltr'>fuit:</span> 
     </span>
     <span class='ocr_line' id='line_1_8' title="bbox 444 1090 2690 1187; baseline -0 -23"><span class='ocrx_word' id='word_1_62' title='bbox 444 1095 521 1164; x_wconf 84' lang='grc' dir='ltr'>τὸ</span> <span class='ocrx_word' id='word_1_63' title='bbox 590 1091 754 1187; x_wconf 81' lang='grc' dir='ltr'>ὅρᾷς</span> <span class='ocrx_word' id='word_1_64' title='bbox 792 1090 1087 1185; x_wconf 62' lang='grc' dir='ltr'><strong><em>’Όμηρος</em></strong></span> <span class='ocrx_word' id='word_1_65' title='bbox 1152 1100 1517 1184; x_wconf 79' lang='grc' dir='ltr'><strong><em>ποιητικῶς</em></strong></span> <span class='ocrx_word' id='word_1_66' title='bbox 1582 1093 1774 1184; x_wconf 76' lang='grc' dir='ltr'><strong><em>ὅρηαι</em></strong></span> <span class='ocrx_word' id='word_1_67' title='bbox 1845 1097 2011 1185; x_wconf 81' lang='grc' dir='ltr'>φησί</span> <span class='ocrx_word' id='word_1_68' title='bbox 2078 1092 2690 1184; x_wconf 67' lang='grc' dir='ltr'><strong><em>προπαροξυτόνως</em></strong></span> 
     </span>
     <span class='ocr_line' id='line_1_9' title="bbox 445 1195 2686 1287; baseline 0 -21"><span class='ocrx_word' id='word_1_69' title='bbox 445 1195 584 1266; x_wconf 74' lang='grc' dir='ltr'>ἀπὸ</span> <span class='ocrx_word' id='word_1_70' title='bbox 634 1199 988 1278; x_wconf 77' lang='grc' dir='ltr'><strong><em>ἐνεστῶτος</em></strong></span> <span class='ocrx_word' id='word_1_71' title='bbox 1032 1205 1149 1265; x_wconf 79' lang='grc' dir='ltr'>τοῦ</span> <span class='ocrx_word' id='word_1_72' title='bbox 1196 1195 1415 1287; x_wconf 87' lang='grc' dir='ltr'><strong><em>όρημι,</em></strong></span> <span class='ocrx_word' id='word_1_73' title='bbox 1466 1223 1547 1265; x_wconf 90' lang='grc' dir='ltr'>ου</span> <span class='ocrx_word' id='word_1_74' title='bbox 1587 1204 1819 1286; x_wconf 82' lang='grc' dir='ltr'><strong><em>χρῆσις</em></strong></span> <span class='ocrx_word' id='word_1_75' title='bbox 1866 1199 2052 1287; x_wconf 84' lang='grc' dir='ltr'><strong><em>παρὰ</em></strong></span> <span class='ocrx_word' id='word_1_76' title='bbox 2110 1198 2465 1287; x_wconf 83' lang='grc' dir='ltr'><strong><em>Θεοκρίτῳ·</em></strong></span> <span class='ocrx_word' id='word_1_77' title='bbox 2519 1199 2686 1267; x_wconf 86' lang='grc' dir='ltr'><strong><em>κατὰ</em></strong></span> 
     </span>
     <span class='ocr_line' id='line_1_10' title="bbox 447 1297 2689 1393; baseline 0 -23"><span class='ocrx_word' id='word_1_78' title='bbox 447 1301 524 1370; x_wconf 77' lang='grc' dir='ltr'>δέ</span> <span class='ocrx_word' id='word_1_79' title='bbox 566 1328 749 1380; x_wconf 83' lang='grc' dir='ltr'><strong><em>τινας</em></strong></span> <span class='ocrx_word' id='word_1_80' title='bbox 792 1297 992 1392; x_wconf 81' lang='grc' dir='ltr'><strong><em>ὁρῆαι</em></strong></span> <span class='ocrx_word' id='word_1_81' title='bbox 1039 1298 1769 1389; x_wconf 76' lang='grc' dir='ltr'><strong><em>προπερισπωμέιως’</em></strong></span> <span class='ocrx_word' id='word_1_82' title='bbox 1740 1327 1813 1368; x_wconf 85' lang='grc' dir='ltr'><strong><em>εκ</em></strong></span> <span class='ocrx_word' id='word_1_83' title='bbox 1857 1309 1976 1369; x_wconf 86' lang='grc' dir='ltr'>τοῦ</span> <span class='ocrx_word' id='word_1_84' title='bbox 2022 1298 2257 1390; x_wconf 82' lang='grc' dir='ltr'><strong><em>ὁρᾶται</em></strong></span> <span class='ocrx_word' id='word_1_85' title='bbox 2306 1301 2525 1393; x_wconf 76' lang='grc' dir='ltr'><strong><em>ἐνδείᾳ</em></strong></span> <span class='ocrx_word' id='word_1_86' title='bbox 2570 1306 2689 1370; x_wconf 81' lang='grc' dir='ltr'>τοῦ</span> 
     </span>
     <span class='ocr_line' id='line_1_11' title="bbox 445 1400 2688 1494; baseline 0.001 -25"><span class='ocrx_word' id='word_1_87' title='bbox 445 1405 503 1476; x_wconf 69' lang='grc' dir='ltr'><em>ἶ</em></span> <span class='ocrx_word' id='word_1_88' title='bbox 528 1405 636 1471; x_wconf 84' lang='grc' dir='ltr'><strong><em>καὶ</em></strong></span> <span class='ocrx_word' id='word_1_89' title='bbox 683 1412 897 1494; x_wconf 78' lang='grc' dir='ltr'><strong><em>τροπῇ</em></strong></span> <span class='ocrx_word' id='word_1_90' title='bbox 954 1410 1073 1472; x_wconf 83' lang='grc' dir='ltr'>τοῦ</span> <span class='ocrx_word' id='word_1_91' title='bbox 1116 1407 1171 1476; x_wconf 58' lang='grc' dir='ltr'>ἐἴ</span> <span class='ocrx_word' id='word_1_92' title='bbox 1217 1400 1311 1482; x_wconf 78' lang='grc' dir='ltr'><strong><em>εἷς</em></strong></span> <span class='ocrx_word' id='word_1_93' title='bbox 1370 1443 1403 1489; x_wconf 83' lang='grc' dir='ltr'><strong><em>η</em></strong></span> <span class='ocrx_word' id='word_1_94' title='bbox 1472 1404 1652 1470; x_wconf 81' lang='lat' dir='ltr'>Eust.</span> <span class='ocrx_word' id='word_1_95' title='bbox 1704 1403 1886 1471; x_wconf 82' lang='lat'><strong>1763.</strong></span> <span class='ocrx_word' id='word_1_96' title='bbox 1932 1403 2034 1487; x_wconf 83' lang='lat'>24,</span> <span class='ocrx_word' id='word_1_97' title='bbox 2102 1404 2177 1471; x_wconf 84' lang='lat' dir='ltr'>cf.</span> <span class='ocrx_word' id='word_1_98' title='bbox 2222 1406 2561 1472; x_wconf 79' lang='lat' dir='ltr'>Duentzer.</span> <span class='ocrx_word' id='word_1_99' title='bbox 2609 1406 2688 1471; x_wconf 82' lang='lat' dir='ltr'>de</span> 
     </span>
     <span class='ocr_line' id='line_1_12' title="bbox 447 1507 2687 1596; baseline 0 -23"><span class='ocrx_word' id='word_1_100' title='bbox 447 1508 679 1580; x_wconf 85' lang='lat' dir='ltr'>Zenod.</span> <span class='ocrx_word' id='word_1_101' title='bbox 726 1507 827 1574; x_wconf 85' lang='lat'>63.</span> <span class='ocrx_word' id='word_1_102' title='bbox 927 1508 1133 1574; x_wconf 92' lang='lat' dir='ltr'>Huius</span> <span class='ocrx_word' id='word_1_103' title='bbox 1199 1508 1533 1589; x_wconf 86' lang='lat' dir='ltr'><strong>prosodiae</strong></span> <span class='ocrx_word' id='word_1_104' title='bbox 1600 1513 1887 1596; x_wconf 73' lang='lat' dir='ltr'>auctores</span> <span class='ocrx_word' id='word_1_105' title='bbox 1953 1509 2367 1590; x_wconf 83' lang='lat' dir='ltr'>penultimam</span> <span class='ocrx_word' id='word_1_106' title='bbox 2421 1509 2687 1575; x_wconf 89' lang='lat' dir='ltr'>circum-</span> 
     </span>
     <span class='ocr_line' id='line_1_13' title="bbox 445 1608 2689 1700; baseline 0 -24"><span class='ocrx_word' id='word_1_107' title='bbox 445 1608 758 1676; x_wconf 86' lang='lat' dir='ltr'>flexerunt</span> <span class='ocrx_word' id='word_1_108' title='bbox 800 1610 1112 1676; x_wconf 78' lang='lat' dir='ltr'>subeunte</span> <span class='ocrx_word' id='word_1_109' title='bbox 1155 1611 1460 1676; x_wconf 91' lang='lat' dir='ltr'>memoria</span> <span class='ocrx_word' id='word_1_110' title='bbox 1503 1610 1680 1678; x_wconf 86' lang='lat' dir='ltr'>verbi</span> <span class='ocrx_word' id='word_1_111' title='bbox 1721 1611 1919 1677; x_wconf 86' lang='lat' dir='ltr'>Ionici</span> <span class='ocrx_word' id='word_1_112' title='bbox 1973 1609 2274 1700; x_wconf 83' lang='grc' dir='ltr'><strong><em>ὁρέομαι,</em></strong></span> <span class='ocrx_word' id='word_1_113' title='bbox 2323 1614 2500 1678; x_wconf 82' lang='lat' dir='ltr'>cuius</span> <span class='ocrx_word' id='word_1_114' title='bbox 2543 1631 2689 1696; x_wconf 88' lang='lat' dir='ltr'>per-</span> 
     </span>
     <span class='ocr_line' id='line_1_14' title="bbox 446 1700 2688 1803; baseline 0 -23"><span class='ocrx_word' id='word_1_115' title='bbox 446 1732 603 1780; x_wconf 87' lang='lat' dir='ltr'>sona</span> <span class='ocrx_word' id='word_1_116' title='bbox 649 1714 924 1779; x_wconf 90' lang='lat' dir='ltr'>secunda</span> <span class='ocrx_word' id='word_1_117' title='bbox 967 1710 1188 1801; x_wconf 82' lang='grc' dir='ltr'><strong><em>ὃρέεαι</em></strong></span> <span class='ocrx_word' id='word_1_118' title='bbox 1234 1715 1388 1780; x_wconf 91' lang='lat' dir='ltr'>eliso</span> <span class='ocrx_word' id='word_1_119' title='bbox 1434 1700 1633 1797; x_wconf 86' lang='lat' dir='ltr'>epsilo</span> <span class='ocrx_word' id='word_1_120' title='bbox 1688 1717 1754 1780; x_wconf 91' lang='lat' dir='ltr'>in</span> <span class='ocrx_word' id='word_1_121' title='bbox 1802 1710 1988 1803; x_wconf 80' lang='grc' dir='ltr'><strong><em>ὃρέαι</em></strong></span> <span class='ocrx_word' id='word_1_122' title='bbox 2033 1718 2289 1798; x_wconf 86' lang='lat' dir='ltr'>transit,</span> <span class='ocrx_word' id='word_1_123' title='bbox 2356 1716 2501 1781; x_wconf 90' lang='lat' dir='ltr'>hinc</span> <span class='ocrx_word' id='word_1_124' title='bbox 2541 1735 2688 1798; x_wconf 93' lang='lat' dir='ltr'>pro-</span> 
     </span>
     <span class='ocr_line' id='line_1_15' title="bbox 446 1812 2691 1905; baseline 0.001 -23"><span class='ocrx_word' id='word_1_125' title='bbox 446 1818 739 1883; x_wconf 85' lang='lat' dir='ltr'>ductione</span> <span class='ocrx_word' id='word_1_126' title='bbox 782 1817 1015 1884; x_wconf 89' lang='lat' dir='ltr'>vocalis</span> <span class='ocrx_word' id='word_1_127' title='bbox 1060 1819 1308 1884; x_wconf 90' lang='lat' dir='ltr'>mediae</span> <span class='ocrx_word' id='word_1_128' title='bbox 1376 1817 1444 1882; x_wconf 89' lang='lat' dir='ltr'>in</span> <span class='ocrx_word' id='word_1_129' title='bbox 1492 1812 1684 1905; x_wconf 80' lang='grc' dir='ltr'><strong><em>ὁρῆαι</em></strong></span> <span class='ocrx_word' id='word_1_130' title='bbox 1731 1824 1804 1884; x_wconf 90' lang='lat' dir='ltr'>ut</span> <span class='ocrx_word' id='word_1_131' title='bbox 1845 1826 2140 1901; x_wconf 77' lang='grc' dir='ltr'><strong><em>μυθεῖαι.</em></strong></span> <span class='ocrx_word' id='word_1_132' title='bbox 2168 1857 2239 1867; x_wconf 91' lang='grc'>--</span> <span class='ocrx_word' id='word_1_133' title='bbox 2271 1818 2418 1885; x_wconf 85' lang='lat' dir='ltr'>Sine</span> <span class='ocrx_word' id='word_1_134' title='bbox 2462 1820 2691 1885; x_wconf 86' lang='lat' dir='ltr'>idonea</span> 
     </span>
     <span class='ocr_line' id='line_1_16' title="bbox 441 1918 2688 1989; baseline 0.001 -3"><span class='ocrx_word' id='word_1_135' title='bbox 441 1921 689 1986; x_wconf 91' lang='lat' dir='ltr'>ratione</span> <span class='ocrx_word' id='word_1_136' title='bbox 734 1918 1169 1986; x_wconf 90' lang='lat' dir='ltr'>Blomfieldius</span> <span class='ocrx_word' id='word_1_137' title='bbox 1236 1920 1317 1985; x_wconf 89' lang='lat' dir='ltr'>ad</span> <span class='ocrx_word' id='word_1_138' title='bbox 1363 1918 1607 1985; x_wconf 85' lang='lat' dir='ltr'>Gallim.</span> <span class='ocrx_word' id='word_1_139' title='bbox 1651 1921 1717 1985; x_wconf 91' lang='lat' dir='ltr'>in</span> <span class='ocrx_word' id='word_1_140' title='bbox 1761 1921 1943 1987; x_wconf 91' lang='lat' dir='ltr'>Dian.</span> <span class='ocrx_word' id='word_1_141' title='bbox 1994 1921 2117 1987; x_wconf 85' lang='grc'>148</span> <span class='ocrx_word' id='word_1_142' title='bbox 2177 1928 2346 1989; x_wconf 78' lang='grc' dir='ltr'><strong><em>νεῖαι</em></strong></span> <span class='ocrx_word' id='word_1_143' title='bbox 2388 1923 2508 1989; x_wconf 90' lang='lat' dir='ltr'>hoc</span> <span class='ocrx_word' id='word_1_144' title='bbox 2549 1922 2688 1988; x_wconf 88' lang='lat' dir='ltr'>loco</span> 
     </span>
     <span class='ocr_line' id='line_1_17' title="bbox 444 2021 2689 2112; baseline 0 -23"><span class='ocrx_word' id='word_1_145' title='bbox 444 2028 511 2089; x_wconf 86' lang='lat' dir='ltr'>et</span> <span class='ocrx_word' id='word_1_146' title='bbox 553 2023 725 2105; x_wconf 89' lang='lat' dir='ltr'>apud</span> <span class='ocrx_word' id='word_1_147' title='bbox 766 2021 1113 2088; x_wconf 86' lang='lat' dir='ltr'>Homerum</span> <span class='ocrx_word' id='word_1_148' title='bbox 1179 2023 1246 2101; x_wconf 84' lang='grc'>111</span> <span class='ocrx_word' id='word_1_149' title='bbox 1311 2022 1446 2112; x_wconf 78' lang='grc' dir='ltr'><strong><em>νείῃ</em></strong></span> <span class='ocrx_word' id='word_1_150' title='bbox 1493 2024 1866 2089; x_wconf 87' lang='lat' dir='ltr'>mutandum</span> <span class='ocrx_word' id='word_1_151' title='bbox 1910 2025 2294 2106; x_wconf 88' lang='lat' dir='ltr'>suspicatur,</span> <span class='ocrx_word' id='word_1_152' title='bbox 2361 2026 2429 2091; x_wconf 94' lang='lat' dir='ltr'>id</span> <span class='ocrx_word' id='word_1_153' title='bbox 2473 2030 2689 2090; x_wconf 86' lang='lat' dir='ltr'>autem</span> 
     </span>
     <span class='ocr_line' id='line_1_18' title="bbox 443 2125 2691 2210; baseline 0 -18"><span class='ocrx_word' id='word_1_154' title='bbox 443 2144 586 2192; x_wconf 86' lang='lat' dir='ltr'>esse</span> <span class='ocrx_word' id='word_1_155' title='bbox 629 2125 913 2193; x_wconf 87' lang='lat' dir='ltr'>futurum</span> <span class='ocrx_word' id='word_1_156' title='bbox 943 2125 1224 2208; x_wconf 83' lang='grc' dir='ltr'><strong><em>νείσεαι,</em></strong></span> <span class='ocrx_word' id='word_1_157' title='bbox 1214 2155 1229 2169; x_wconf 94' lang='grc'><em>·</em></span> <span class='ocrx_word' id='word_1_158' title='bbox 1276 2126 1391 2192; x_wconf 91' lang='lat' dir='ltr'>sed</span> <span class='ocrx_word' id='word_1_159' title='bbox 1433 2130 1533 2192; x_wconf 92' lang='lat' dir='ltr'>est</span> <span class='ocrx_word' id='word_1_160' title='bbox 1576 2144 1944 2208; x_wconf 87' lang='lat' dir='ltr'>germanum</span> <span class='ocrx_word' id='word_1_161' title='bbox 1986 2145 2290 2209; x_wconf 83' lang='lat' dir='ltr'>praesens</span> <span class='ocrx_word' id='word_1_162' title='bbox 2330 2147 2447 2210; x_wconf 91' lang='lat' dir='ltr'>pro</span> <span class='ocrx_word' id='word_1_163' title='bbox 2475 2126 2691 2193; x_wconf 86' lang='lat' dir='ltr'>futuro</span> 
     </span>
     <span class='ocr_line' id='line_1_19' title="bbox 441 2229 2691 2319; baseline 0 -24"><span class='ocrx_word' id='word_1_164' title='bbox 441 2230 719 2312; x_wconf 91' lang='lat' dir='ltr'>positum</span> <span class='ocrx_word' id='word_1_165' title='bbox 762 2234 837 2296; x_wconf 89' lang='lat' dir='ltr'>ut</span> <span class='ocrx_word' id='word_1_166' title='bbox 875 2230 1023 2319; x_wconf 81' lang='grc' dir='ltr'><strong><em>βέῃ,</em></strong></span> <span class='ocrx_word' id='word_1_167' title='bbox 1094 2231 1263 2313; x_wconf 88' lang='lat' dir='ltr'>quod</span> <span class='ocrx_word' id='word_1_168' title='bbox 1305 2229 1659 2312; x_wconf 86' lang='lat' dir='ltr'>Hesychius</span> <span class='ocrx_word' id='word_1_169' title='bbox 1728 2229 1960 2311; x_wconf 92' lang='lat' dir='ltr'>duplici</span> <span class='ocrx_word' id='word_1_170' title='bbox 2002 2232 2188 2296; x_wconf 92' lang='lat' dir='ltr'>modo</span> <span class='ocrx_word' id='word_1_171' title='bbox 2231 2231 2691 2312; x_wconf 82' lang='lat' dir='ltr'>interpretatur</span> 
     </span>
     <span class='ocr_line' id='line_1_20' title="bbox 446 2328 1136 2423; baseline -0.007 -18"><span class='ocrx_word' id='word_1_172' title='bbox 446 2328 665 2418; x_wconf 81' lang='grc' dir='ltr'><strong><em>ζήσεις</em></strong></span> <span class='ocrx_word' id='word_1_173' title='bbox 709 2338 776 2398; x_wconf 79' lang='lat' dir='ltr'>et</span> <span class='ocrx_word' id='word_1_174' title='bbox 819 2330 1136 2423; x_wconf 62' lang='grc' dir='ltr'><strong><em>πορεύσῃ</em></strong></span> 
     </span>
    </p>

    <p class='ocr_par' dir='ltr' id='par_1_3' title="bbox 396 2420 2696 3452">
     <span class='ocr_line' id='line_1_21' title="bbox 614 2420 2690 2527; baseline 0 -25"><span class='ocrx_word' id='word_1_175' title='bbox 614 2435 927 2519; x_wconf 84' lang='lat' dir='ltr'>Longiore</span> <span class='ocrx_word' id='word_1_176' title='bbox 996 2435 1260 2518; x_wconf 85' lang='lat' dir='ltr'>ambage</span> <span class='ocrx_word' id='word_1_177' title='bbox 1328 2434 1668 2502; x_wconf 89' lang='lat' dir='ltr'>deductum</span> <span class='ocrx_word' id='word_1_178' title='bbox 1736 2441 1836 2502; x_wconf 88' lang='lat' dir='ltr'>est</span> <span class='ocrx_word' id='word_1_179' title='bbox 1898 2440 2062 2527; x_wconf 79' lang='grc' dir='ltr'><strong><em>μνᾷ,</em></strong></span> <span class='ocrx_word' id='word_1_180' title='bbox 2131 2436 2299 2520; x_wconf 90' lang='lat' dir='ltr'>quod</span> <span class='ocrx_word' id='word_1_181' title='bbox 2352 2420 2690 2504; x_wconf 88' lang='lat' dir='ltr'>Homerico</span> 
     </span>
     <span class='ocr_line' id='line_1_22' title="bbox 440 2537 2687 2629; baseline 0 -24"><span class='ocrx_word' id='word_1_182' title='bbox 440 2537 620 2629; x_wconf 75' lang='grc' dir='ltr'><strong><em>μνάᾳ</em></strong></span> <span class='ocrx_word' id='word_1_183' title='bbox 687 2540 1000 2622; x_wconf 82' lang='lat' dir='ltr'>subsidet3</span> <span class='ocrx_word' id='word_1_184' title='bbox 1069 2540 1303 2606; x_wconf 87' lang='lat' dir='ltr'>etenim</span> <span class='ocrx_word' id='word_1_185' title='bbox 1367 2540 1570 2621; x_wconf 90' lang='lat' dir='ltr'>primo</span> <span class='ocrx_word' id='word_1_186' title='bbox 1638 2539 1775 2605; x_wconf 92' lang='lat' dir='ltr'>loco</span> <span class='ocrx_word' id='word_1_187' title='bbox 1841 2541 2040 2621; x_wconf 90' lang='lat' dir='ltr'>poni·</span> <span class='ocrx_word' id='word_1_188' title='bbox 2028 2545 2310 2623; x_wconf 91' lang='lat' dir='ltr'>-oportet</span> <span class='ocrx_word' id='word_1_189' title='bbox 2373 2538 2687 2624; x_wconf 79' lang='grc' dir='ltr'><strong><em>μνάεσαι,</em></strong></span> 
     </span>
     <span class='ocr_line' id='line_1_23' title="bbox 444 2637 2690 2732; baseline 0 -25"><span class='ocrx_word' id='word_1_190' title='bbox 444 2644 718 2709; x_wconf 89' lang='lat' dir='ltr'>secundo</span> <span class='ocrx_word' id='word_1_191' title='bbox 761 2638 1021 2727; x_wconf 83' lang='grc' dir='ltr'><strong><em>μνάεαι,</em></strong></span> <span class='ocrx_word' id='word_1_192' title='bbox 1070 2642 1238 2723; x_wconf 92' lang='lat' dir='ltr'>quod</span> <span class='ocrx_word' id='word_1_193' title='bbox 1281 2637 1437 2707; x_wconf 56' lang='lat' dir='ltr'>xa&amp;</span> <span class='ocrx_word' id='word_1_194' title='bbox 1466 2638 1600 2709; x_wconf 81' lang='grc' dir='ltr'>ὖπό</span> <span class='ocrx_word' id='word_1_195' title='bbox 1606 2648 1800 2709; x_wconf 62' lang='lat' dir='ltr'>‘how</span> <span class='ocrx_word' id='word_1_196' title='bbox 1843 2641 2277 2725; x_wconf 82' lang='lat' dir='ltr'>proficiscitur,</span> <span class='ocrx_word' id='word_1_197' title='bbox 2321 2643 2467 2732; x_wconf 90' lang='lat' dir='ltr'>hinc</span> <span class='ocrx_word' id='word_1_198' title='bbox 2509 2639 2690 2731; x_wconf 81' lang='grc' dir='ltr'><strong><em>μνάη</em></strong></span> 
     </span>
     <span class='ocr_line' id='line_1_24' title="bbox 396 2745 2689 2839; baseline 0 -28"><span class='ocrx_word' id='word_1_199' title='bbox 396 2747 731 2812; x_wconf 79' lang='lat' dir='ltr'>‘consistit</span> <span class='ocrx_word' id='word_1_200' title='bbox 796 2745 1118 2811; x_wconf 86' lang='lat' dir='ltr'>vocalibus</span> <span class='ocrx_word' id='word_1_201' title='bbox 1187 2748 1291 2816; x_wconf 67' lang='grc' dir='ltr'>ἑῖ</span> <span class='ocrx_word' id='word_1_202' title='bbox 1333 2745 1400 2810; x_wconf 83' lang='grc'>111</span> <span class='ocrx_word' id='word_1_203' title='bbox 1443 2783 1479 2837; x_wconf 73' lang='lat' dir='ltr'><em>v</em></span> <span class='ocrx_word' id='word_1_204' title='bbox 1541 2746 1908 2828; x_wconf 73' lang='lat' dir='ltr'>contractiS,</span> <span class='ocrx_word' id='word_1_205' title='bbox 1973 2747 2209 2813; x_wconf 66' lang='lat' dir='ltr'>hoc*</span> <span class='ocrx_word' id='word_1_206' title='bbox 2157 2786 2191 2839; x_wconf 71' lang='grc' dir='ltr'>ῃ</span> <span class='ocrx_word' id='word_1_207' title='bbox 2252 2765 2401 2814; x_wconf 90' lang='lat' dir='ltr'>vero</span> <span class='ocrx_word' id='word_1_208' title='bbox 2464 2764 2689 2811; x_wconf 86' lang='lat' dir='ltr'>rursus</span> 
     </span>
     <span class='ocr_line' id='line_1_25' title="bbox 443 2848 2688 2940; baseline -0.001 -24"><span class='ocrx_word' id='word_1_209' title='bbox 443 2850 836 2916; x_wconf 85' lang='lat' dir='ltr'>contrahitur</span> <span class='ocrx_word' id='word_1_210' title='bbox 880 2868 1023 2914; x_wconf 91' lang='lat' dir='ltr'>cum</span> <span class='ocrx_word' id='word_1_211' title='bbox 1068 2849 1274 2931; x_wconf 88' lang='lat' dir='ltr'>alpha,</span> <span class='ocrx_word' id='word_1_212' title='bbox 1322 2849 1491 2931; x_wconf 91' lang='lat' dir='ltr'>quod</span> <span class='ocrx_word' id='word_1_213' title='bbox 1534 2849 1879 2914; x_wconf 86' lang='lat' dir='ltr'>antecedit.</span> <span class='ocrx_word' id='word_1_214' title='bbox 1922 2854 2054 2940; x_wconf 77' lang='grc' dir='ltr'>μνᾷ</span> <span class='ocrx_word' id='word_1_215' title='bbox 2084 2854 2151 2915; x_wconf 93' lang='lat' dir='ltr'>et</span> <span class='ocrx_word' id='word_1_216' title='bbox 2175 2849 2438 2915; x_wconf 86' lang='lat' dir='ltr'>diectasi</span> <span class='ocrx_word' id='word_1_217' title='bbox 2464 2848 2688 2931; x_wconf 92' lang='lat' dir='ltr'>ampli-</span> 
     </span>
     <span class='ocr_line' id='line_1_26' title="bbox 442 2949 2692 3041; baseline -0.001 -22"><span class='ocrx_word' id='word_1_218' title='bbox 442 2951 700 3019; x_wconf 90' lang='lat' dir='ltr'>ficatum</span> <span class='ocrx_word' id='word_1_219' title='bbox 741 2949 943 3041; x_wconf 70' lang='grc' dir='ltr'><strong><em>μνάᾳ.</em></strong></span> <span class='ocrx_word' id='word_1_220' title='bbox 1035 2951 1243 3017; x_wconf 89' lang='lat' dir='ltr'>Huius</span> <span class='ocrx_word' id='word_1_221' title='bbox 1275 2952 1676 3018; x_wconf 87' lang='lat' dir='ltr'>continuatae</span> <span class='ocrx_word' id='word_1_222' title='bbox 1722 2953 1919 3019; x_wconf 85' lang='lat' dir='ltr'>orasis</span> <span class='ocrx_word' id='word_1_223' title='bbox 1955 2954 2401 3020; x_wconf 89' lang='lat' dir='ltr'>documentum</span> <span class='ocrx_word' id='word_1_224' title='bbox 2422 2952 2692 3034; x_wconf 82' lang='lat' dir='ltr'>praebet</span> 
     </span>
     <span class='ocr_line' id='line_1_27' title="bbox 439 3049 2684 3144; baseline -0 -24"><span class='ocrx_word' id='word_1_225' title='bbox 439 3059 566 3143; x_wconf 83' lang='grc' dir='ltr'>χρῇ</span> <span class='ocrx_word' id='word_1_226' title='bbox 611 3055 787 3135; x_wconf 83' lang='lat' dir='ltr'>illud,</span> <span class='ocrx_word' id='word_1_227' title='bbox 832 3055 911 3119; x_wconf 84' lang='lat' dir='ltr'>de</span> <span class='ocrx_word' id='word_1_228' title='bbox 956 3073 1079 3137; x_wconf 87' lang='lat' dir='ltr'>quo</span> <span class='ocrx_word' id='word_1_229' title='bbox 1126 3056 1316 3121; x_wconf 86' lang='lat' dir='ltr'>schol.</span> <span class='ocrx_word' id='word_1_230' title='bbox 1361 3054 1434 3120; x_wconf 91' lang='lat' dir='ltr'>Il.</span> <span class='ocrx_word' id='word_1_231' title='bbox 1480 3054 1538 3119; x_wconf 93' lang='grc' dir='ltr'><strong>Ι</strong></span> <span class='ocrx_word' id='word_1_232' title='bbox 1557 3053 1684 3120; x_wconf 81' lang='grc'>216</span> <span class='ocrx_word' id='word_1_233' title='bbox 1755 3051 1894 3123; x_wconf 74' lang='grc' dir='ltr'>ἀπὸ</span> <span class='ocrx_word' id='word_1_234' title='bbox 1941 3061 2058 3123; x_wconf 84' lang='grc' dir='ltr'>τοῦ</span> <span class='ocrx_word' id='word_1_235' title='bbox 2100 3061 2363 3144; x_wconf 80' lang='grc' dir='ltr'><strong><em>χρῶμαι</em></strong></span> <span class='ocrx_word' id='word_1_236' title='bbox 2409 3055 2485 3123; x_wconf 85' lang='grc' dir='ltr'>τὸ</span> <span class='ocrx_word' id='word_1_237' title='bbox 2533 3049 2684 3121; x_wconf 76' lang='grc' dir='ltr'><strong><em>δεύ-</em></strong></span> 
     </span>
     <span class='ocr_line' id='line_1_28' title="bbox 443 3154 2696 3246; baseline 0 -22"><span class='ocrx_word' id='word_1_238' title='bbox 443 3183 639 3245; x_wconf 84' lang='grc' dir='ltr'><strong><em>τερον</em></strong></span> <span class='ocrx_word' id='word_1_239' title='bbox 686 3161 805 3243; x_wconf 74' lang='grc' dir='ltr'>τῆς</span> <span class='ocrx_word' id='word_1_240' title='bbox 850 3162 1075 3243; x_wconf 83' lang='grc' dir='ltr'><strong><em>κοινῆς</em></strong></span> <span class='ocrx_word' id='word_1_241' title='bbox 1144 3158 1498 3226; x_wconf 80' lang='grc' dir='ltr'><strong><em>διαλέκτου</em></strong></span> <span class='ocrx_word' id='word_1_242' title='bbox 1546 3156 1683 3223; x_wconf 76' lang='grc' dir='ltr'><strong><em>ἐστὶ</em></strong></span> <span class='ocrx_word' id='word_1_243' title='bbox 1747 3162 1875 3246; x_wconf 77' lang='grc' dir='ltr'>χρᾷ</span> <span class='ocrx_word' id='word_1_244' title='bbox 1941 3154 2240 3237; x_wconf 80' lang='grc' dir='ltr'><strong><em>ἶωνικῶς,</em></strong></span> <span class='ocrx_word' id='word_1_245' title='bbox 2308 3154 2570 3224; x_wconf 77' lang='grc' dir='ltr'><strong><em>ἄττικὸν</em></strong></span> <span class='ocrx_word' id='word_1_246' title='bbox 2617 3158 2696 3226; x_wconf 78' lang='grc' dir='ltr'>δὲ</span> 
     </span>
     <span class='ocr_line' id='line_1_29' title="bbox 437 3258 2685 3351; baseline -0.001 -22"><span class='ocrx_word' id='word_1_247' title='bbox 437 3264 565 3351; x_wconf 81' lang='grc' dir='ltr'>χρῇ</span> <span class='ocrx_word' id='word_1_248' title='bbox 611 3258 1134 3349; x_wconf 80' lang='grc' dir='ltr'><strong><em>περισπώμενον.</em></strong></span> <span class='ocrx_word' id='word_1_249' title='bbox 1223 3260 1389 3327; x_wconf 91' lang='lat' dir='ltr'>Nam</span> <span class='ocrx_word' id='word_1_250' title='bbox 1432 3260 1556 3325; x_wconf 89' lang='lat' dir='ltr'>huc</span> <span class='ocrx_word' id='word_1_251' title='bbox 1598 3278 1714 3343; x_wconf 89' lang='lat' dir='ltr'>per</span> <span class='ocrx_word' id='word_1_252' title='bbox 1759 3261 2013 3326; x_wconf 92' lang='lat' dir='ltr'>eosdem</span> <span class='ocrx_word' id='word_1_253' title='bbox 2057 3260 2239 3342; x_wconf 89' lang='lat' dir='ltr'>quasi</span> <span class='ocrx_word' id='word_1_254' title='bbox 2283 3261 2516 3343; x_wconf 83' lang='lat' dir='ltr'>gradus</span> <span class='ocrx_word' id='word_1_255' title='bbox 2537 3279 2685 3343; x_wconf 86' lang='lat' dir='ltr'>per-</span> 
     </span>
     <span class='ocr_line' id='line_1_30' title="bbox 440 3358 2688 3452; baseline 0 -22"><span class='ocrx_word' id='word_1_256' title='bbox 440 3370 699 3431; x_wconf 82' lang='lat' dir='ltr'>ventum</span> <span class='ocrx_word' id='word_1_257' title='bbox 743 3370 871 3431; x_wconf 79' lang='lat' dir='ltr'>est:</span> <span class='ocrx_word' id='word_1_258' title='bbox 914 3360 1217 3452; x_wconf 82' lang='grc' dir='ltr'><strong><em>χράεσαι,</em></strong></span> <span class='ocrx_word' id='word_1_259' title='bbox 1261 3360 1523 3450; x_wconf 87' lang='grc' dir='ltr'><strong><em>χράεαι,</em></strong></span> <span class='ocrx_word' id='word_1_260' title='bbox 1564 3358 1757 3451; x_wconf 79' lang='grc' dir='ltr'><strong><em>χράῃ,</em></strong></span> <span class='ocrx_word' id='word_1_261' title='bbox 1802 3365 1929 3452; x_wconf 79' lang='grc' dir='ltr'>χρᾷ</span> <span class='ocrx_word' id='word_1_262' title='bbox 1953 3367 2020 3428; x_wconf 79' lang='lat' dir='ltr'>et</span> <span class='ocrx_word' id='word_1_263' title='bbox 2037 3367 2183 3451; x_wconf 83' lang='grc' dir='ltr'><strong><em>χρῇ.</em></strong></span> <span class='ocrx_word' id='word_1_264' title='bbox 2276 3363 2688 3430; x_wconf 82' lang='lat' dir='ltr'>Contractum</span> 
     </span>
    </p>
   </div>
   <div class='ocr_carea' id='block_1_3' title="bbox 437 3467 2698 3554">
    <p class='ocr_par' dir='ltr' id='par_1_4' title="bbox 437 3467 2698 3554">
     <span class='ocr_line' id='line_1_31' title="bbox 437 3467 2698 3554; baseline -0 -21"><span class='ocrx_word' id='word_1_265' title='bbox 437 3473 678 3554; x_wconf 80' lang='grc' dir='ltr'><strong><em>χρᾶσαι</em></strong></span> <span class='ocrx_word' id='word_1_266' title='bbox 744 3468 900 3533; x_wconf 84' lang='grc'>1111111</span> <span class='ocrx_word' id='word_1_267' title='bbox 964 3487 1090 3533; x_wconf 82' lang='grc'>11011</span> <span class='ocrx_word' id='word_1_268' title='bbox 1153 3467 1400 3547; x_wconf 85' lang='lat' dir='ltr'>incidit,</span> <span class='ocrx_word' id='word_1_269' title='bbox 1470 3467 1584 3532; x_wconf 91' lang='lat' dir='ltr'>sed</span> <span class='ocrx_word' id='word_1_270' title='bbox 1651 3467 1942 3531; x_wconf 84' lang='lat' dir='ltr'>convenit</span> <span class='ocrx_word' id='word_1_271' title='bbox 1985 3485 2129 3532; x_wconf 88' lang='lat' dir='ltr'>cum</span> <span class='ocrx_word' id='word_1_272' title='bbox 2174 3471 2296 3533; x_wconf 70' lang='grc' dir='ltr'>κτὰ·</span> <span class='ocrx_word' id='word_1_273' title='bbox 2302 3492 2446 3545; x_wconf 87' lang='grc' dir='ltr'><strong><em>σαι,</em></strong></span> <span class='ocrx_word' id='word_1_274' title='bbox 2514 3468 2698 3549; x_wconf 90' lang='lat' dir='ltr'>quod·</span> 
     </span>
    </p>
   </div>
   <div class='ocr_carea' id='block_1_4' title="bbox 418 3568 2686 4377">
    <p class='ocr_par' dir='ltr' id='par_1_5' title="bbox 418 3568 2686 4377">
     <span class='ocr_line' id='line_1_32' title="bbox 440 3568 2683 3652; baseline 0 -18"><span class='ocrx_word' id='word_1_275' title='bbox 440 3568 834 3652; x_wconf 83' lang='lat' dir='ltr'>Phrynichus</span> <span class='ocrx_word' id='word_1_276' title='bbox 880 3575 1286 3652; x_wconf 88' lang='lat' dir='ltr'>aspernatur,</span> <span class='ocrx_word' id='word_1_277' title='bbox 1334 3587 1450 3634; x_wconf 92' lang='lat' dir='ltr'>nec</span> <span class='ocrx_word' id='word_1_278' title='bbox 1493 3569 1720 3634; x_wconf 89' lang='lat' dir='ltr'>melius</span> <span class='ocrx_word' id='word_1_279' title='bbox 1766 3569 2021 3651; x_wconf 90' lang='lat' dir='ltr'>sapiunt</span> <span class='ocrx_word' id='word_1_280' title='bbox 2064 3574 2277 3635; x_wconf 88' lang='lat' dir='ltr'>cetera</span> <span class='ocrx_word' id='word_1_281' title='bbox 2319 3570 2506 3635; x_wconf 91' lang='lat' dir='ltr'>huius</span> <span class='ocrx_word' id='word_1_282' title='bbox 2550 3574 2683 3635; x_wconf 89' lang='lat' dir='ltr'>ter-</span> 
     </span>
     <span class='ocr_line' id='line_1_33' title="bbox 439 3668 2686 3759; baseline 0.001 -23"><span class='ocrx_word' id='word_1_283' title='bbox 439 3672 835 3737; x_wconf 84' lang='lat' dir='ltr'>minationis:</span> <span class='ocrx_word' id='word_1_284' title='bbox 884 3675 1194 3759; x_wconf 83' lang='grc' dir='ltr'><strong><em>φαίνεσαι</em></strong></span> <span class='ocrx_word' id='word_1_285' title='bbox 1244 3671 1435 3737; x_wconf 86' lang='lat' dir='ltr'>schol.</span> <span class='ocrx_word' id='word_1_286' title='bbox 1481 3672 1633 3737; x_wconf 87' lang='lat' dir='ltr'>Eur.</span> <span class='ocrx_word' id='word_1_287' title='bbox 1661 3671 1869 3738; x_wconf 87' lang='lat' dir='ltr'>Orest.</span> <span class='ocrx_word' id='word_1_288' title='bbox 1893 3668 2017 3737; x_wconf 88' lang='grc'>304</span> <span class='ocrx_word' id='word_1_289' title='bbox 2050 3675 2114 3736; x_wconf 91' lang='lat' dir='ltr'>et</span> <span class='ocrx_word' id='word_1_290' title='bbox 2161 3670 2221 3736; x_wconf 88' lang='lat' dir='ltr'>S.</span> <span class='ocrx_word' id='word_1_291' title='bbox 2244 3672 2456 3739; x_wconf 86' lang='lat' dir='ltr'>Lucae</span> <span class='ocrx_word' id='word_1_292' title='bbox 2485 3673 2686 3739; x_wconf 83' lang='lat' dir='ltr'>verba</span> 
     </span>
     <span class='ocr_line' id='line_1_34' title="bbox 418 3770 2684 3863; baseline 0 -23"><span class='ocrx_word' id='word_1_293' title='bbox 418 3770 732 3863; x_wconf 63' lang='lat' dir='ltr'>v‹poiyawou</span> <span class='ocrx_word' id='word_1_294' title='bbox 800 3774 913 3841; x_wconf 82' lang='grc' dir='ltr'><strong><em>καὶ</em></strong></span> <span class='ocrx_word' id='word_1_295' title='bbox 981 3774 1231 3841; x_wconf 85' lang='grc' dir='ltr'><strong><em>πίεσαι.</em></strong></span> <span class='ocrx_word' id='word_1_296' title='bbox 1287 3810 1359 3821; x_wconf 88' lang='lat'>--</span> <span class='ocrx_word' id='word_1_297' title='bbox 1431 3774 1819 3840; x_wconf 88' lang='lat' dir='ltr'>Inveteravit</span> <span class='ocrx_word' id='word_1_298' title='bbox 1883 3793 2032 3841; x_wconf 85' lang='lat' dir='ltr'>vero</span> <span class='ocrx_word' id='word_1_299' title='bbox 2098 3774 2257 3840; x_wconf 88' lang='lat' dir='ltr'>haec</span> <span class='ocrx_word' id='word_1_300' title='bbox 2319 3776 2684 3842; x_wconf 86' lang='lat' dir='ltr'>terminatio</span> 
     </span>
     <span class='ocr_line' id='line_1_35' title="bbox 438 3876 2682 3966; baseline 0.001 -24"><span class='ocrx_word' id='word_1_301' title='bbox 438 3876 735 3960; x_wconf 81' lang='lat' dir='ltr'>perfectis</span> <span class='ocrx_word' id='word_1_302' title='bbox 779 3878 1078 3960; x_wconf 81' lang='lat' dir='ltr'>passivis:</span> <span class='ocrx_word' id='word_1_303' title='bbox 1138 3877 1463 3965; x_wconf 78' lang='grc' dir='ltr'><strong><em>κέκτησαι,</em></strong></span> <span class='ocrx_word' id='word_1_304' title='bbox 1536 3878 1878 3966; x_wconf 75' lang='grc' dir='ltr'><strong><em>κέχρησαι,</em></strong></span> <span class='ocrx_word' id='word_1_305' title='bbox 1922 3877 2285 3965; x_wconf 82' lang='grc' dir='ltr'><strong><em>βέβλησαι,</em></strong></span> <span class='ocrx_word' id='word_1_306' title='bbox 2329 3877 2682 3966; x_wconf 80' lang='grc' dir='ltr'><strong><em>μέμνησαι,</em></strong></span> 
     </span>
     <span class='ocr_line' id='line_1_36' title="bbox 439 3967 2681 4067; baseline 0.001 -21"><span class='ocrx_word' id='word_1_307' title='bbox 439 3981 553 4046; x_wconf 85' lang='lat' dir='ltr'>sed</span> <span class='ocrx_word' id='word_1_308' title='bbox 598 3980 843 4046; x_wconf 91' lang='lat' dir='ltr'>duobus</span> <span class='ocrx_word' id='word_1_309' title='bbox 897 3980 1069 4045; x_wconf 89' lang='lat' dir='ltr'>hisce</span> <span class='ocrx_word' id='word_1_310' title='bbox 1113 3967 1428 4047; x_wconf 84' lang='lat' dir='ltr'>Homerus</span> <span class='ocrx_word' id='word_1_311' title='bbox 1477 3981 1678 4063; x_wconf 84' lang='lat' dir='ltr'>sigma</span> <span class='ocrx_word' id='word_1_312' title='bbox 1721 3980 2022 4046; x_wconf 84' lang='lat' dir='ltr'>detraxit:</span> <span class='ocrx_word' id='word_1_313' title='bbox 2076 3980 2351 4067; x_wconf 79' lang='grc' dir='ltr'><strong><em>βέβληαι</em></strong></span> <span class='ocrx_word' id='word_1_314' title='bbox 2398 3985 2681 4048; x_wconf 85' lang='grc' dir='ltr'><strong><em>κενεῶνα</em></strong></span> 
     </span>
     <span class='ocr_line' id='line_1_37' title="bbox 436 4078 2680 4171; baseline 0 -22"><span class='ocrx_word' id='word_1_315' title='bbox 436 4082 511 4149; x_wconf 87' lang='grc' dir='ltr'>Π.</span> <span class='ocrx_word' id='word_1_316' title='bbox 556 4083 615 4149; x_wconf 92' lang='lat' dir='ltr'><strong>V</strong></span> <span class='ocrx_word' id='word_1_317' title='bbox 658 4081 786 4150; x_wconf 71' lang='lat'>284</span> <span class='ocrx_word' id='word_1_318' title='bbox 829 4088 897 4148; x_wconf 89' lang='lat' dir='ltr'>et</span> <span class='ocrx_word' id='word_1_319' title='bbox 939 4088 1231 4165; x_wconf 88' lang='lat' dir='ltr'>correpta</span> <span class='ocrx_word' id='word_1_320' title='bbox 1273 4084 1484 4149; x_wconf 92' lang='lat' dir='ltr'>media</span> <span class='ocrx_word' id='word_1_321' title='bbox 1524 4086 1797 4171; x_wconf 79' lang='grc' dir='ltr'><strong><em>βέβληαι</em></strong></span> <span class='ocrx_word' id='word_1_322' title='bbox 1846 4078 1986 4149; x_wconf 79' lang='grc' dir='ltr'>οὐδ’</span> <span class='ocrx_word' id='word_1_323' title='bbox 2036 4079 2227 4148; x_wconf 76' lang='grc' dir='ltr'><strong><em>ἅλιον</em></strong></span> <span class='ocrx_word' id='word_1_324' title='bbox 2258 4083 2517 4164; x_wconf 87' lang='grc' dir='ltr'>Χ1380,</span> <span class='ocrx_word' id='word_1_325' title='bbox 2561 4103 2680 4165; x_wconf 91' lang='lat' dir='ltr'>pro</span> 
     </span>
     <span class='ocr_line' id='line_1_38' title="bbox 438 4181 2678 4274; baseline 0 -23"><span class='ocrx_word' id='word_1_326' title='bbox 438 4204 562 4268; x_wconf 89' lang='lat' dir='ltr'>quo</span> <span class='ocrx_word' id='word_1_327' title='bbox 608 4185 935 4252; x_wconf 87' lang='lat' dir='ltr'>Bentleius</span> <span class='ocrx_word' id='word_1_328' title='bbox 979 4181 1223 4274; x_wconf 63' lang='grc' dir='ltr'><strong><em>βίβλιῗ,</em></strong></span> <span class='ocrx_word' id='word_1_329' title='bbox 1291 4186 1694 4252; x_wconf 89' lang='lat' dir='ltr'>Thierschius</span> <span class='ocrx_word' id='word_1_330' title='bbox 1738 4188 1793 4272; x_wconf 64' lang='grc' dir='ltr'>ξ.</span> <span class='ocrx_word' id='word_1_331' title='bbox 1844 4184 1982 4252; x_wconf 86' lang='grc'>149.</span> <span class='ocrx_word' id='word_1_332' title='bbox 2027 4184 2070 4251; x_wconf 92' lang='grc'>4</span> <span class='ocrx_word' id='word_1_333' title='bbox 2111 4204 2171 4266; x_wconf 92' lang='lat' dir='ltr'>p.</span> <span class='ocrx_word' id='word_1_334' title='bbox 2216 4184 2344 4251; x_wconf 82' lang='lat'>218</span> <span class='ocrx_word' id='word_1_335' title='bbox 2399 4186 2678 4269; x_wconf 78' lang='grc' dir='ltr'><strong><em>βέβλεαι</em></strong></span> 
     </span>
     <span class='ocr_line' id='line_1_39' title="bbox 439 4288 2684 4377; baseline -0.001 -22"><span class='ocrx_word' id='word_1_336' title='bbox 439 4289 840 4355; x_wconf 90' lang='lat' dir='ltr'>scribendum</span> <span class='ocrx_word' id='word_1_337' title='bbox 903 4289 1163 4372; x_wconf 89' lang='lat' dir='ltr'>putavit.</span> <span class='ocrx_word' id='word_1_338' title='bbox 1213 4332 1219 4337; x_wconf 90' lang='lat'>-</span> <span class='ocrx_word' id='word_1_339' title='bbox 1301 4288 1609 4371; x_wconf 84' lang='lat' dir='ltr'>Superest</span> <span class='ocrx_word' id='word_1_340' title='bbox 1672 4291 1934 4356; x_wconf 88' lang='lat' dir='ltr'>tertium</span> <span class='ocrx_word' id='word_1_341' title='bbox 2012 4290 2222 4377; x_wconf 78' lang='grc' dir='ltr'><strong><em>βέβλῃ</em></strong></span> <span class='ocrx_word' id='word_1_342' title='bbox 2239 4335 2258 4365; x_wconf 91' lang='grc'><strong><em>,</em></strong></span> <span class='ocrx_word' id='word_1_343' title='bbox 2341 4289 2455 4354; x_wconf 90' lang='lat' dir='ltr'>sed</span> <span class='ocrx_word' id='word_1_344' title='bbox 2520 4288 2684 4362; x_wconf 90' lang='grc'>1111111</span> 
     </span>
    </p>
   </div>
   <div class='ocr_carea' id='block_1_5' title="bbox 2915 2240 2922 2775">
    <p class='ocr_par' dir='ltr' id='par_1_6' title="bbox 2915 2240 2922 2775">
     <span class='ocr_line' id='line_1_40' title="bbox 2915 2240 2922 2775; baseline 0 0"><span class='ocrx_word' id='word_1_345' title='bbox 2915 2240 2922 2775; x_wconf 95' lang='lat' dir='ltr'> </span> 
     </span>
    </p>
   </div>
   <div class='ocr_carea' id='block_1_6' title="bbox 2911 3181 2914 3366">
    <p class='ocr_par' dir='ltr' id='par_1_7' title="bbox 2911 3181 2914 3366">
     <span class='ocr_line' id='line_1_41' title="bbox 2911 3181 2914 3366; baseline 0 0"><span class='ocrx_word' id='word_1_346' title='bbox 2911 3181 2914 3366; x_wconf 51' lang='lat' dir='ltr'>i</span> 
     </span>
    </p>
   </div>
  </div>
 </body>
</html>
