<?xml version="1.0" encoding="UTF-8"?>
<!DOCTYPE html PUBLIC "-//W3C//DTD XHTML 1.0 Transitional//EN"
    "http://www.w3.org/TR/xhtml1/DTD/xhtml1-transitional.dtd">
<html xmlns="http://www.w3.org/1999/xhtml" xml:lang="en" lang="en">
 <head>
  <title>
</title>
<meta http-equiv="Content-Type" content="text/html;charset=utf-8" />
  <meta name='ocr-system' content='tesseract 3.04.00' />
  <meta name='ocr-capabilities' content='ocr_page ocr_carea ocr_par ocr_line ocrx_word'/>
</head>
<body>
  <div class='ocr_page' id='page_1' title='image "./pathologiaegrae02lobegoog_0180.png"; bbox 0 0 2946 4928; ppageno 0'>
   <div class='ocr_carea' id='block_1_1' title="bbox 467 307 1997 416">
    <p class='ocr_par' dir='ltr' id='par_1_1' title="bbox 467 307 1997 416">
     <span class='ocr_line' id='line_1_1' title="bbox 467 307 1997 416; baseline 0 -4"><span class='ocrx_word' id='word_1_1' title='bbox 467 338 590 412; x_wconf 81' lang='lat'>162</span> <span class='ocrx_word' id='word_1_2' title='bbox 696 307 700 311; x_wconf 70' lang='grc'><strong>’</strong></span> <span class='ocrx_word' id='word_1_3' title='bbox 888 410 894 416; x_wconf 85' lang='grc'><strong>,</strong></span> <span class='ocrx_word' id='word_1_4' title='bbox 1254 341 1811 413; x_wconf 70' lang='grc' dir='ltr'><strong>ΒΙεεΕΒΤΑΤΙο</strong></span> <span class='ocrx_word' id='word_1_5' title='bbox 1855 335 1997 413; x_wconf 83' lang='lat' dir='ltr'>vn.</span> 
     </span>
    </p>
   </div>
   <div class='ocr_carea' id='block_1_2' title="bbox 455 495 2718 1312">
    <p class='ocr_par' dir='ltr' id='par_1_2' title="bbox 455 495 2718 1312">
     <span class='ocr_line' id='line_1_2' title="bbox 458 495 2693 599; baseline 0 -26"><span class='ocrx_word' id='word_1_6' title='bbox 458 508 611 574; x_wconf 89' lang='lat' dir='ltr'>locis</span> <span class='ocrx_word' id='word_1_7' title='bbox 625 559 640 589; x_wconf 87' lang='lat'>‚</span> <span class='ocrx_word' id='word_1_8' title='bbox 705 507 814 573; x_wconf 92' lang='lat' dir='ltr'>ubi</span> <span class='ocrx_word' id='word_1_9' title='bbox 878 510 1112 575; x_wconf 90' lang='lat' dir='ltr'>vocalis</span> <span class='ocrx_word' id='word_1_10' title='bbox 1178 510 1463 599; x_wconf 89' lang='lat' dir='ltr'>sequitur</span> <span class='ocrx_word' id='word_1_11' title='bbox 1478 561 1494 591; x_wconf 85' lang='lat'>,</span> <span class='ocrx_word' id='word_1_12' title='bbox 1564 528 1604 575; x_wconf 89' lang='lat' dir='ltr'>a</span> <span class='ocrx_word' id='word_1_13' title='bbox 1639 510 1903 576; x_wconf 45' lang='lat' dir='ltr'>&#39;criticis</span> <span class='ocrx_word' id='word_1_14' title='bbox 1960 510 2389 577; x_wconf 87' lang='lat' dir='ltr'>introductum</span> <span class='ocrx_word' id='word_1_15' title='bbox 2423 495 2547 576; x_wconf 57' lang='lat' dir='ltr'>‘est</span> <span class='ocrx_word' id='word_1_16' title='bbox 2587 528 2693 592; x_wconf 90' lang='lat' dir='ltr'>pro</span> 
     </span>
     <span class='ocr_line' id='line_1_3' title="bbox 460 608 2695 695; baseline 0 -17"><span class='ocrx_word' id='word_1_17' title='bbox 460 608 703 695; x_wconf 59' lang='grc' dir='ltr'><em>ἔμμενζ</em></span> <span class='ocrx_word' id='word_1_18' title='bbox 752 612 921 693; x_wconf 90' lang='lat' dir='ltr'>quod</span> <span class='ocrx_word' id='word_1_19' title='bbox 963 611 1341 693; x_wconf 88' lang='lat' dir='ltr'>reprobatur</span> <span class='ocrx_word' id='word_1_20' title='bbox 1369 618 1632 695; x_wconf 85' lang='lat' dir='ltr'>propter</span> <span class='ocrx_word' id='word_1_21' title='bbox 1654 613 1980 679; x_wconf 82' lang='lat' dir='ltr'>elisionem</span> <span class='ocrx_word' id='word_1_22' title='bbox 1999 613 2256 679; x_wconf 89' lang='lat' dir='ltr'>minime</span> <span class='ocrx_word' id='word_1_23' title='bbox 2278 613 2695 680; x_wconf 85' lang='lat' dir='ltr'>necessariam</span> 
     </span>
     <span class='ocr_line' id='line_1_4' title="bbox 458 712 2692 800; baseline 0 -20"><span class='ocrx_word' id='word_1_24' title='bbox 458 733 587 781; x_wconf 90' lang='lat' dir='ltr'>una</span> <span class='ocrx_word' id='word_1_25' title='bbox 652 733 794 780; x_wconf 93' lang='lat' dir='ltr'>cum</span> <span class='ocrx_word' id='word_1_26' title='bbox 859 715 1150 796; x_wconf 81' lang='lat' dir='ltr'>genitivis</span> <span class='ocrx_word' id='word_1_27' title='bbox 1219 715 1448 781; x_wconf 91' lang='lat' dir='ltr'>Ionicis</span> <span class='ocrx_word' id='word_1_28' title='bbox 1515 722 1582 782; x_wconf 87' lang='lat' dir='ltr'>et</span> <span class='ocrx_word' id='word_1_29' title='bbox 1626 715 2004 782; x_wconf 82' lang='lat' dir='ltr'>Thessalicis</span> <span class='ocrx_word' id='word_1_30' title='bbox 2062 712 2223 793; x_wconf 80' lang='grc' dir='ltr'><strong><em>σεῖ’,</em></strong></span> <span class='ocrx_word' id='word_1_31' title='bbox 2283 712 2411 783; x_wconf 81' lang='grc' dir='ltr'><strong><em>τοῖ’</em></strong></span> <span class='ocrx_word' id='word_1_32' title='bbox 2483 721 2598 783; x_wconf 84' lang='lat' dir='ltr'>etc.</span> <span class='ocrx_word' id='word_1_33' title='bbox 2623 716 2692 800; x_wconf 83' lang='lat'>²).</span> 
     </span>
     <span class='ocr_line' id='line_1_5' title="bbox 457 817 2695 903; baseline 0.001 -20"><span class='ocrx_word' id='word_1_34' title='bbox 457 818 623 883; x_wconf 91' lang='lat' dir='ltr'>Hinc</span> <span class='ocrx_word' id='word_1_35' title='bbox 665 822 887 898; x_wconf 90' lang='lat' dir='ltr'>patere</span> <span class='ocrx_word' id='word_1_36' title='bbox 951 817 1254 898; x_wconf 88' lang='lat' dir='ltr'>arbitror,</span> <span class='ocrx_word' id='word_1_37' title='bbox 1321 837 1519 900; x_wconf 89' lang='lat' dir='ltr'>quare</span> <span class='ocrx_word' id='word_1_38' title='bbox 1584 819 1652 884; x_wconf 87' lang='lat' dir='ltr'>in</span> <span class='ocrx_word' id='word_1_39' title='bbox 1714 819 2055 885; x_wconf 90' lang='lat' dir='ltr'>novissimo</span> <span class='ocrx_word' id='word_1_40' title='bbox 2119 819 2283 903; x_wconf 86' lang='lat' dir='ltr'>pede</span> <span class='ocrx_word' id='word_1_41' title='bbox 2327 837 2452 885; x_wconf 89' lang='lat' dir='ltr'>non</span> <span class='ocrx_word' id='word_1_42' title='bbox 2498 817 2695 903; x_wconf 78' lang='grc' dir='ltr'><em>ἔμμεν</em></span> 
     </span>
     <span class='ocr_line' id='line_1_6' title="bbox 456 906 2695 1004; baseline 0 -18"><span class='ocrx_word' id='word_1_43' title='bbox 456 922 723 1004; x_wconf 85' lang='lat' dir='ltr'>legatur,</span> <span class='ocrx_word' id='word_1_44' title='bbox 765 920 933 1001; x_wconf 89' lang='lat' dir='ltr'>quod</span> <span class='ocrx_word' id='word_1_45' title='bbox 977 921 1287 987; x_wconf 85' lang='lat' dir='ltr'>duntaxat</span> <span class='ocrx_word' id='word_1_46' title='bbox 1329 922 1519 986; x_wconf 88' lang='lat' dir='ltr'>metri</span> <span class='ocrx_word' id='word_1_47' title='bbox 1542 923 1748 1003; x_wconf 86' lang='lat' dir='ltr'>gratia</span> <span class='ocrx_word' id='word_1_48' title='bbox 1770 924 2131 1003; x_wconf 84' lang='lat' dir='ltr'>assumitur,</span> <span class='ocrx_word' id='word_1_49' title='bbox 2178 922 2291 987; x_wconf 89' lang='lat' dir='ltr'>sed</span> <span class='ocrx_word' id='word_1_50' title='bbox 2314 906 2695 988; x_wconf 87' lang='lat' dir='ltr'>ordinarium</span> 
     </span>
     <span class='ocr_line' id='line_1_7' title="bbox 460 1015 2718 1108; baseline 0 -18"><span class='ocrx_word' id='word_1_51' title='bbox 460 1015 647 1091; x_wconf 80' lang='grc' dir='ltr'><strong>εἶναι.</strong></span> <span class='ocrx_word' id='word_1_52' title='bbox 754 1022 934 1100; x_wconf 88' lang='lat' dir='ltr'>Quod</span> <span class='ocrx_word' id='word_1_53' title='bbox 978 1042 1127 1089; x_wconf 90' lang='lat' dir='ltr'>vero</span> <span class='ocrx_word' id='word_1_54' title='bbox 1197 1023 1468 1105; x_wconf 89' lang='lat' dir='ltr'>amplius</span> <span class='ocrx_word' id='word_1_55' title='bbox 1538 1026 1832 1091; x_wconf 88' lang='lat' dir='ltr'>adiicitur</span> <span class='ocrx_word' id='word_1_56' title='bbox 1876 1038 1977 1108; x_wconf 80' lang='lat' dir='ltr'>„et</span> <span class='ocrx_word' id='word_1_57' title='bbox 2041 1025 2341 1106; x_wconf 74' lang='lat' dir='ltr'>similia“,</span> <span class='ocrx_word' id='word_1_58' title='bbox 2408 1025 2718 1108; x_wconf 80' lang='lat' dir='ltr'>equidem</span> 
     </span>
     <span class='ocr_line' id='line_1_8' title="bbox 455 1124 2694 1211; baseline 0 -19"><span class='ocrx_word' id='word_1_59' title='bbox 455 1124 649 1209; x_wconf 90' lang='lat' dir='ltr'>plura</span> <span class='ocrx_word' id='word_1_60' title='bbox 684 1127 960 1207; x_wconf 86' lang='lat' dir='ltr'>reperio,</span> <span class='ocrx_word' id='word_1_61' title='bbox 1028 1144 1192 1207; x_wconf 89' lang='lat' dir='ltr'>quae</span> <span class='ocrx_word' id='word_1_62' title='bbox 1259 1128 1520 1209; x_wconf 86' lang='lat' dir='ltr'>regulae</span> <span class='ocrx_word' id='word_1_63' title='bbox 1574 1130 1668 1194; x_wconf 90' lang='lat' dir='ltr'>illi</span> <span class='ocrx_word' id='word_1_64' title='bbox 1711 1132 2070 1211; x_wconf 82' lang='lat' dir='ltr'>repugnent</span> <span class='ocrx_word' id='word_1_65' title='bbox 2111 1147 2302 1211; x_wconf 90' lang='lat' dir='ltr'>quam</span> <span class='ocrx_word' id='word_1_66' title='bbox 2347 1147 2511 1211; x_wconf 91' lang='lat' dir='ltr'>quae</span> <span class='ocrx_word' id='word_1_67' title='bbox 2556 1145 2694 1194; x_wconf 90' lang='lat' dir='ltr'>con-</span> 
     </span>
     <span class='ocr_line' id='line_1_9' title="bbox 457 1227 1469 1312; baseline 0 -16"><span class='ocrx_word' id='word_1_68' title='bbox 457 1230 686 1296; x_wconf 91' lang='lat' dir='ltr'>cinant</span> <span class='ocrx_word' id='word_1_69' title='bbox 775 1227 1057 1294; x_wconf 91' lang='lat' dir='ltr'>Primum</span> <span class='ocrx_word' id='word_1_70' title='bbox 1100 1230 1469 1312; x_wconf 83' lang='lat' dir='ltr'>particulae.</span> 
     </span>
    </p>
   </div>
   <div class='ocr_carea' id='block_1_3' title="bbox 444 1365 2703 3205">
    <p class='ocr_par' dir='ltr' id='par_1_3' title="bbox 444 1365 2703 3205">
     <span class='ocr_line' id='line_1_10' title="bbox 627 1365 2696 1452; baseline 0 -20"><span class='ocrx_word' id='word_1_71' title='bbox 627 1368 804 1433; x_wconf 92' lang='lat' dir='ltr'>Inter</span> <span class='ocrx_word' id='word_1_72' title='bbox 828 1367 953 1433; x_wconf 90' lang='lat' dir='ltr'>alia</span> <span class='ocrx_word' id='word_1_73' title='bbox 976 1367 1522 1433; x_wconf 85' lang='lat' dir='ltr'>animadversione</span> <span class='ocrx_word' id='word_1_74' title='bbox 1545 1368 1803 1451; x_wconf 86' lang='lat' dir='ltr'>dignum</span> <span class='ocrx_word' id='word_1_75' title='bbox 1826 1374 1943 1450; x_wconf 92' lang='lat' dir='ltr'>est,</span> <span class='ocrx_word' id='word_1_76' title='bbox 1989 1369 2157 1452; x_wconf 90' lang='lat' dir='ltr'>quod</span> <span class='ocrx_word' id='word_1_77' title='bbox 2180 1365 2587 1444; x_wconf 70' lang='lat' dir='ltr'>inEM.324.</span> <span class='ocrx_word' id='word_1_78' title='bbox 2622 1367 2696 1432; x_wconf 90' lang='grc'>15</span> 
     </span>
     <span class='ocr_line' id='line_1_11' title="bbox 458 1449 2698 1554; baseline -0 -17"><span class='ocrx_word' id='word_1_79' title='bbox 458 1471 686 1537; x_wconf 85' lang='lat' dir='ltr'>dicitur</span> <span class='ocrx_word' id='word_1_80' title='bbox 688 1449 1249 1553; x_wconf 79' lang='lat' dir='ltr'>,praepositionem</span> <span class='ocrx_word' id='word_1_81' title='bbox 1273 1470 1355 1550; x_wconf 78' lang='grc' dir='ltr'>ἐξ</span> <span class='ocrx_word' id='word_1_82' title='bbox 1377 1476 1525 1538; x_wconf 90' lang='lat' dir='ltr'>ante</span> <span class='ocrx_word' id='word_1_83' title='bbox 1550 1470 1966 1538; x_wconf 82' lang='lat' dir='ltr'>consonantes</span> <span class='ocrx_word' id='word_1_84' title='bbox 1988 1473 2054 1536; x_wconf 91' lang='lat' dir='ltr'>in</span> <span class='ocrx_word' id='word_1_85' title='bbox 2080 1472 2160 1538; x_wconf 79' lang='grc' dir='ltr'>ἐκ</span> <span class='ocrx_word' id='word_1_86' title='bbox 2185 1473 2420 1537; x_wconf 91' lang='lat' dir='ltr'>mutari</span> <span class='ocrx_word' id='word_1_87' title='bbox 2445 1478 2698 1554; x_wconf 85' lang='lat' dir='ltr'>praeter</span> 
     </span>
     <span class='ocr_line' id='line_1_12' title="bbox 458 1568 2695 1663; baseline -0 -22"><span class='ocrx_word' id='word_1_88' title='bbox 458 1576 753 1658; x_wconf 82' lang='lat' dir='ltr'>syntheta</span> <span class='ocrx_word' id='word_1_89' title='bbox 819 1574 983 1654; x_wconf 77' lang='grc' dir='ltr'><strong><em>διέξ,</em></strong></span> <span class='ocrx_word' id='word_1_90' title='bbox 1057 1576 1270 1663; x_wconf 78' lang='grc' dir='ltr'><em>παρέξ</em></span> <span class='ocrx_word' id='word_1_91' title='bbox 1323 1580 1702 1658; x_wconf 87' lang='lat' dir='ltr'>praeterque</span> <span class='ocrx_word' id='word_1_92' title='bbox 1748 1568 2064 1642; x_wconf 84' lang='lat' dir='ltr'>clausulas</span> <span class='ocrx_word' id='word_1_93' title='bbox 2109 1593 2438 1641; x_wconf 85' lang='lat' dir='ltr'>versuum:</span> <span class='ocrx_word' id='word_1_94' title='bbox 2506 1571 2566 1642; x_wconf 80' lang='grc' dir='ltr'>εἰ</span> <span class='ocrx_word' id='word_1_95' title='bbox 2606 1575 2695 1662; x_wconf 79' lang='grc' dir='ltr'>μὴ</span> 
     </span>
     <span class='ocr_line' id='line_1_13' title="bbox 457 1673 2700 1767; baseline -0 -23"><span class='ocrx_word' id='word_1_96' title='bbox 457 1673 708 1767; x_wconf 67' lang='grc' dir='ltr'><strong><em>εὑρεθῇ</em></strong></span> <span class='ocrx_word' id='word_1_97' title='bbox 757 1677 822 1745; x_wconf 76' lang='grc' dir='ltr'>ἐν</span> <span class='ocrx_word' id='word_1_98' title='bbox 869 1679 1038 1745; x_wconf 76' lang='grc' dir='ltr'><strong><em>τέλει</em></strong></span> <span class='ocrx_word' id='word_1_99' title='bbox 1083 1676 1310 1760; x_wconf 81' lang='grc' dir='ltr'><strong><em>στίχου</em></strong></span> <span class='ocrx_word' id='word_1_100' title='bbox 1355 1673 1443 1757; x_wconf 76' lang='grc' dir='ltr'>ὡς</span> <span class='ocrx_word' id='word_1_101' title='bbox 1488 1678 1667 1767; x_wconf 78' lang='grc' dir='ltr'><strong><em>παρὰ</em></strong></span> <span class='ocrx_word' id='word_1_102' title='bbox 1723 1675 2062 1765; x_wconf 80' lang='grc' dir='ltr'><em>Θεοκρίτῳ</em></span> <span class='ocrx_word' id='word_1_103' title='bbox 2130 1677 2347 1761; x_wconf 86' lang='lat' dir='ltr'><strong>(XXII</strong></span> <span class='ocrx_word' id='word_1_104' title='bbox 2391 1677 2504 1762; x_wconf 90' lang='lat'>30)</span> <span class='ocrx_word' id='word_1_105' title='bbox 2544 1673 2700 1761; x_wconf 78' lang='grc' dir='ltr'>Ἀμ-</span> 
     </span>
     <span class='ocr_line' id='line_1_14' title="bbox 458 1778 2696 1870; baseline -0.001 -23"><span class='ocrx_word' id='word_1_106' title='bbox 458 1784 756 1870; x_wconf 80' lang='grc' dir='ltr'><em>φοτέρων</em></span> <span class='ocrx_word' id='word_1_107' title='bbox 802 1779 875 1860; x_wconf 76' lang='grc' dir='ltr'>ἐξ</span> <span class='ocrx_word' id='word_1_108' title='bbox 917 1796 938 1866; x_wconf 77' lang='grc' dir='ltr'>ΙΙ</span> <span class='ocrx_word' id='word_1_109' title='bbox 979 1778 1236 1862; x_wconf 77' lang='grc' dir='ltr'><strong><em>τοίχων,</em></strong></span> <span class='ocrx_word' id='word_1_110' title='bbox 1285 1800 1448 1862; x_wconf 86' lang='lat' dir='ltr'>quae</span> <span class='ocrx_word' id='word_1_111' title='bbox 1496 1782 1692 1849; x_wconf 89' lang='lat' dir='ltr'>verba</span> <span class='ocrx_word' id='word_1_112' title='bbox 1736 1785 1791 1849; x_wconf 90' lang='lat' dir='ltr'>si</span> <span class='ocrx_word' id='word_1_113' title='bbox 1835 1784 1900 1848; x_wconf 90' lang='lat' dir='ltr'>in</span> <span class='ocrx_word' id='word_1_114' title='bbox 1943 1801 2070 1847; x_wconf 92' lang='lat' dir='ltr'>uno</span> <span class='ocrx_word' id='word_1_115' title='bbox 2119 1782 2467 1864; x_wconf 90' lang='lat' dir='ltr'>eodemque</span> <span class='ocrx_word' id='word_1_116' title='bbox 2510 1799 2696 1847; x_wconf 91' lang='lat' dir='ltr'>versu</span> 
     </span>
     <span class='ocr_line' id='line_1_15' title="bbox 454 1883 2698 1968; baseline -0.001 -17"><span class='ocrx_word' id='word_1_117' title='bbox 454 1887 835 1968; x_wconf 83' lang='lat' dir='ltr'>legerentur,</span> <span class='ocrx_word' id='word_1_118' title='bbox 881 1902 1064 1949; x_wconf 91' lang='lat' dir='ltr'>nemo</span> <span class='ocrx_word' id='word_1_119' title='bbox 1111 1883 1434 1949; x_wconf 88' lang='lat' dir='ltr'>dubitaret</span> <span class='ocrx_word' id='word_1_120' title='bbox 1478 1885 1829 1952; x_wconf 87' lang='lat' dir='ltr'>rescribere</span> <span class='ocrx_word' id='word_1_121' title='bbox 1873 1886 1939 1951; x_wconf 92' lang='lat' dir='ltr'>id</span> <span class='ocrx_word' id='word_1_122' title='bbox 1982 1886 2151 1968; x_wconf 88' lang='lat' dir='ltr'>quod</span> <span class='ocrx_word' id='word_1_123' title='bbox 2197 1903 2469 1967; x_wconf 87' lang='lat' dir='ltr'>sequens</span> <span class='ocrx_word' id='word_1_124' title='bbox 2512 1884 2698 1950; x_wconf 86' lang='lat' dir='ltr'>litera</span> 
     </span>
     <span class='ocr_line' id='line_1_16' title="bbox 452 1976 2699 2070; baseline -0 -16"><span class='ocrx_word' id='word_1_125' title='bbox 452 1988 700 2070; x_wconf 84' lang='lat' dir='ltr'>flagitat</span> <span class='ocrx_word' id='word_1_126' title='bbox 766 1985 856 2064; x_wconf 79' lang='grc' dir='ltr'>ἐκ,</span> <span class='ocrx_word' id='word_1_127' title='bbox 928 1992 993 2051; x_wconf 91' lang='lat' dir='ltr'>et</span> <span class='ocrx_word' id='word_1_128' title='bbox 1033 1987 1152 2051; x_wconf 90' lang='lat' dir='ltr'>hoc</span> <span class='ocrx_word' id='word_1_129' title='bbox 1194 1987 1403 2066; x_wconf 90' lang='lat' dir='ltr'>ipsum</span> <span class='ocrx_word' id='word_1_130' title='bbox 1445 1988 1711 2068; x_wconf 87' lang='lat' dir='ltr'>praebet</span> <span class='ocrx_word' id='word_1_131' title='bbox 1756 1989 1949 2054; x_wconf 91' lang='lat' dir='ltr'>editio</span> <span class='ocrx_word' id='word_1_132' title='bbox 1980 1976 2211 2070; x_wconf 71' lang='lat' dir='ltr'>‘Steph</span> <span class='ocrx_word' id='word_1_133' title='bbox 2257 1994 2323 2053; x_wconf 91' lang='lat' dir='ltr'>et</span> <span class='ocrx_word' id='word_1_134' title='bbox 2364 1988 2513 2053; x_wconf 93' lang='lat' dir='ltr'>huic</span> <span class='ocrx_word' id='word_1_135' title='bbox 2553 2006 2699 2069; x_wconf 54' lang='lat' dir='ltr'>pro-f</span> 
     </span>
     <span class='ocr_line' id='line_1_17' title="bbox 453 2089 2698 2173; baseline -0.001 -16"><span class='ocrx_word' id='word_1_136' title='bbox 453 2092 678 2171; x_wconf 81' lang='lat' dir='ltr'>ximae,</span> <span class='ocrx_word' id='word_1_137' title='bbox 726 2089 840 2154; x_wconf 91' lang='lat' dir='ltr'>sed</span> <span class='ocrx_word' id='word_1_138' title='bbox 883 2107 1049 2154; x_wconf 90' lang='lat' dir='ltr'>nunc</span> <span class='ocrx_word' id='word_1_139' title='bbox 1092 2089 1251 2154; x_wconf 93' lang='lat' dir='ltr'>illud</span> <span class='ocrx_word' id='word_1_140' title='bbox 1292 2091 1640 2172; x_wconf 91' lang='lat' dir='ltr'>repositum</span> <span class='ocrx_word' id='word_1_141' title='bbox 1684 2096 1812 2172; x_wconf 88' lang='lat' dir='ltr'>est,</span> <span class='ocrx_word' id='word_1_142' title='bbox 1858 2092 2026 2173; x_wconf 91' lang='lat' dir='ltr'>quod</span> <span class='ocrx_word' id='word_1_143' title='bbox 2071 2089 2344 2156; x_wconf 86' lang='lat' dir='ltr'>offerunt</span> <span class='ocrx_word' id='word_1_144' title='bbox 2388 2091 2698 2156; x_wconf 87' lang='lat' dir='ltr'>editiones</span> 
     </span>
     <span class='ocr_line' id='line_1_18' title="bbox 452 2191 2697 2277; baseline -0 -18"><span class='ocrx_word' id='word_1_145' title='bbox 452 2194 766 2276; x_wconf 89' lang='lat' dir='ltr'>principes</span> <span class='ocrx_word' id='word_1_146' title='bbox 794 2191 1010 2257; x_wconf 88' lang='lat' dir='ltr'>addito</span> <span class='ocrx_word' id='word_1_147' title='bbox 1035 2197 1325 2258; x_wconf 89' lang='lat' dir='ltr'>accentu:</span> <span class='ocrx_word' id='word_1_148' title='bbox 1358 2191 1460 2271; x_wconf 83' lang='grc' dir='ltr'>ἔξ.</span> <span class='ocrx_word' id='word_1_149' title='bbox 1540 2194 1676 2259; x_wconf 92' lang='lat' dir='ltr'>Hoc</span> <span class='ocrx_word' id='word_1_150' title='bbox 1699 2195 1935 2260; x_wconf 90' lang='lat' dir='ltr'>rectius</span> <span class='ocrx_word' id='word_1_151' title='bbox 1957 2195 2191 2277; x_wconf 84' lang='lat' dir='ltr'>legitur</span> <span class='ocrx_word' id='word_1_152' title='bbox 2211 2194 2277 2260; x_wconf 92' lang='lat' dir='ltr'>in</span> <span class='ocrx_word' id='word_1_153' title='bbox 2313 2194 2697 2275; x_wconf 87' lang='lat' dir='ltr'>anastrophe</span> 
     </span>
     <span class='ocr_line' id='line_1_19' title="bbox 453 2293 2698 2385; baseline 0 -22"><span class='ocrx_word' id='word_1_154' title='bbox 453 2302 600 2363; x_wconf 89' lang='lat' dir='ltr'>ante</span> <span class='ocrx_word' id='word_1_155' title='bbox 645 2294 923 2362; x_wconf 86' lang='lat' dir='ltr'>vocalem</span> <span class='ocrx_word' id='word_1_156' title='bbox 970 2294 1228 2362; x_wconf 91' lang='lat' dir='ltr'>Theocr.</span> <span class='ocrx_word' id='word_1_157' title='bbox 1272 2295 1453 2361; x_wconf 91' lang='lat' dir='ltr'>XXV</span> <span class='ocrx_word' id='word_1_158' title='bbox 1498 2295 1582 2363; x_wconf 84' lang='lat'>38</span> <span class='ocrx_word' id='word_1_159' title='bbox 1629 2293 1709 2363; x_wconf 79' lang='grc' dir='ltr'>οὗ</span> <span class='ocrx_word' id='word_1_160' title='bbox 1755 2297 1905 2384; x_wconf 80' lang='grc' dir='ltr'><em>σέγε</em></span> <span class='ocrx_word' id='word_1_161' title='bbox 1951 2297 2122 2385; x_wconf 83' lang='grc' dir='ltr'><strong><em>φημὶ</em></strong></span> <span class='ocrx_word' id='word_1_162' title='bbox 2169 2301 2388 2363; x_wconf 83' lang='grc' dir='ltr'><em>κακῶν</em></span> <span class='ocrx_word' id='word_1_163' title='bbox 2433 2293 2544 2379; x_wconf 68' lang='grc' dir='ltr'>ἒξιι</span> <span class='ocrx_word' id='word_1_164' title='bbox 2578 2294 2698 2380; x_wconf 77' lang='grc' dir='ltr'>ἔμ-</span> 
     </span>
     <span class='ocr_line' id='line_1_20' title="bbox 451 2394 2700 2487; baseline -0.002 -19"><span class='ocrx_word' id='word_1_165' title='bbox 451 2426 645 2486; x_wconf 81' lang='grc' dir='ltr'><strong><em>μεναι</em></strong></span> <span class='ocrx_word' id='word_1_166' title='bbox 691 2404 758 2464; x_wconf 89' lang='lat' dir='ltr'>et</span> <span class='ocrx_word' id='word_1_167' title='bbox 799 2397 899 2462; x_wconf 93' lang='lat' dir='ltr'>bis</span> <span class='ocrx_word' id='word_1_168' title='bbox 945 2394 1115 2480; x_wconf 85' lang='lat' dir='ltr'>apud</span> <span class='ocrx_word' id='word_1_169' title='bbox 1156 2398 1506 2463; x_wconf 90' lang='lat' dir='ltr'>Homerum</span> <span class='ocrx_word' id='word_1_170' title='bbox 1552 2404 1728 2467; x_wconf 76' lang='grc' dir='ltr'>θεῶν</span> <span class='ocrx_word' id='word_1_171' title='bbox 1774 2396 1905 2487; x_wconf 72' lang='grc' dir='ltr'>ἒξΙΙ</span> <span class='ocrx_word' id='word_1_172' title='bbox 1935 2396 2148 2468; x_wconf 75' lang='grc' dir='ltr'><em>ἀείδει</em></span> <span class='ocrx_word' id='word_1_173' title='bbox 2184 2399 2301 2467; x_wconf 91' lang='lat' dir='ltr'>Od.</span> <span class='ocrx_word' id='word_1_174' title='bbox 2341 2398 2530 2467; x_wconf 87' lang='lat' dir='ltr'><strong>XVII</strong></span> <span class='ocrx_word' id='word_1_175' title='bbox 2571 2397 2700 2464; x_wconf 85' lang='lat'>518</span> 
     </span>
     <span class='ocr_line' id='line_1_21' title="bbox 444 2493 2698 2589; baseline -0.001 -19"><span class='ocrx_word' id='word_1_176' title='bbox 444 2509 520 2578; x_wconf 62' lang='lat' dir='ltr'>‚et</span> <span class='ocrx_word' id='word_1_177' title='bbox 540 2503 789 2569; x_wconf 86' lang='lat' dir='ltr'>11.le</span> <span class='ocrx_word' id='word_1_178' title='bbox 811 2500 937 2565; x_wconf 81' lang='lat'>472</span> <span class='ocrx_word' id='word_1_179' title='bbox 964 2495 1045 2567; x_wconf 73' lang='grc' dir='ltr'>οὔ</span> <span class='ocrx_word' id='word_1_180' title='bbox 1086 2527 1204 2582; x_wconf 86' lang='grc' dir='ltr'>μοι</span> <span class='ocrx_word' id='word_1_181' title='bbox 1251 2502 1453 2581; x_wconf 59' lang='grc' dir='ltr'><strong><em>κακὸς</em></strong></span> <span class='ocrx_word' id='word_1_182' title='bbox 1498 2499 1744 2571; x_wconf 71' lang='grc' dir='ltr'><em>εἴδεται</em></span> <span class='ocrx_word' id='word_1_183' title='bbox 1791 2500 1950 2572; x_wconf 76' lang='grc' dir='ltr'><em>οὐδὲ</em></span> <span class='ocrx_word' id='word_1_184' title='bbox 1994 2493 2326 2583; x_wconf 65' lang='grc' dir='ltr'><em>κακῶἱνὲξ,</em></span> <span class='ocrx_word' id='word_1_185' title='bbox 2352 2504 2391 2589; x_wconf 76' lang='lat' dir='ltr'>ll</span> <span class='ocrx_word' id='word_1_186' title='bbox 2418 2499 2698 2584; x_wconf 78' lang='grc' dir='ltr'><em>ἇλλὰ-,</em></span> 
     </span>
     <span class='ocr_line' id='line_1_22' title="bbox 453 2604 2699 2691; baseline -0.001 -17"><span class='ocrx_word' id='word_1_187' title='bbox 453 2626 643 2691; x_wconf 89' lang='lat' dir='ltr'>quem</span> <span class='ocrx_word' id='word_1_188' title='bbox 717 2606 925 2670; x_wconf 91' lang='lat' dir='ltr'>locum</span> <span class='ocrx_word' id='word_1_189' title='bbox 1005 2604 1407 2671; x_wconf 89' lang='lat' dir='ltr'>Herodianus</span> <span class='ocrx_word' id='word_1_190' title='bbox 1480 2612 1739 2689; x_wconf 89' lang='lat' dir='ltr'>propter</span> <span class='ocrx_word' id='word_1_191' title='bbox 1813 2612 2143 2673; x_wconf 91' lang='lat' dir='ltr'>accentum</span> <span class='ocrx_word' id='word_1_192' title='bbox 2216 2607 2419 2672; x_wconf 93' lang='lat' dir='ltr'>solum</span> <span class='ocrx_word' id='word_1_193' title='bbox 2494 2604 2699 2687; x_wconf 86' lang='lat' dir='ltr'>affert,</span> 
     </span>
     <span class='ocr_line' id='line_1_23' title="bbox 450 2705 2701 2791; baseline 0 -16"><span class='ocrx_word' id='word_1_194' title='bbox 450 2731 506 2776; x_wconf 90' lang='lat' dir='ltr'>v.</span> <span class='ocrx_word' id='word_1_195' title='bbox 529 2710 750 2776; x_wconf 85' lang='lat' dir='ltr'>Lehrs.</span> <span class='ocrx_word' id='word_1_196' title='bbox 776 2706 1031 2785; x_wconf 84' lang='lat' dir='ltr'>Quaest.</span> <span class='ocrx_word' id='word_1_197' title='bbox 1054 2705 1156 2771; x_wconf 87' lang='grc'>97.</span> <span class='ocrx_word' id='word_1_198' title='bbox 1224 2708 1346 2774; x_wconf 92' lang='lat' dir='ltr'>Hic</span> <span class='ocrx_word' id='word_1_199' title='bbox 1379 2728 1499 2774; x_wconf 86' lang='lat' dir='ltr'>vox</span> <span class='ocrx_word' id='word_1_200' title='bbox 1529 2710 1596 2775; x_wconf 91' lang='lat' dir='ltr'>in</span> <span class='ocrx_word' id='word_1_201' title='bbox 1619 2709 1933 2791; x_wconf 90' lang='lat' dir='ltr'>duplicem</span> <span class='ocrx_word' id='word_1_202' title='bbox 1957 2728 2295 2775; x_wconf 89' lang='lat' dir='ltr'>consonam</span> <span class='ocrx_word' id='word_1_203' title='bbox 2321 2711 2536 2776; x_wconf 83' lang='lat' dir='ltr'>exiens</span> <span class='ocrx_word' id='word_1_204' title='bbox 2559 2710 2701 2775; x_wconf 90' lang='lat' dir='ltr'>iure</span> 
     </span>
     <span class='ocr_line' id='line_1_24' title="bbox 455 2812 2701 2897; baseline 0 -18"><span class='ocrx_word' id='word_1_205' title='bbox 455 2812 815 2897; x_wconf 79' lang='lat' dir='ltr'>praefertur</span> <span class='ocrx_word' id='word_1_206' title='bbox 836 2815 1099 2893; x_wconf 91' lang='lat' dir='ltr'>propter</span> <span class='ocrx_word' id='word_1_207' title='bbox 1120 2812 1399 2877; x_wconf 90' lang='lat' dir='ltr'>vocalem</span> <span class='ocrx_word' id='word_1_208' title='bbox 1427 2814 1750 2897; x_wconf 90' lang='lat' dir='ltr'>sequentis</span> <span class='ocrx_word' id='word_1_209' title='bbox 1772 2821 2013 2895; x_wconf 81' lang='lat' dir='ltr'>vers‘uS,</span> <span class='ocrx_word' id='word_1_210' title='bbox 2038 2814 2147 2894; x_wconf 89' lang='lat' dir='ltr'>qui</span> <span class='ocrx_word' id='word_1_211' title='bbox 2170 2831 2312 2878; x_wconf 93' lang='lat' dir='ltr'>cum</span> <span class='ocrx_word' id='word_1_212' title='bbox 2333 2813 2442 2878; x_wconf 88' lang='lat' dir='ltr'>illo</span> <span class='ocrx_word' id='word_1_213' title='bbox 2473 2812 2701 2880; x_wconf 88' lang='lat' dir='ltr'>arctis-</span> 
     </span>
     <span class='ocr_line' id='line_1_25' title="bbox 451 2913 2699 3000; baseline 0 -18"><span class='ocrx_word' id='word_1_214' title='bbox 451 2917 610 2982; x_wconf 91' lang='lat' dir='ltr'>sime</span> <span class='ocrx_word' id='word_1_215' title='bbox 656 2916 969 2982; x_wconf 85' lang='lat' dir='ltr'>cohaeret.</span> <span class='ocrx_word' id='word_1_216' title='bbox 1060 2913 1186 2980; x_wconf 83' lang='lat' dir='ltr'>Sed</span> <span class='ocrx_word' id='word_1_217' title='bbox 1211 2915 1615 2983; x_wconf 89' lang='lat' dir='ltr'>Theocritum</span> <span class='ocrx_word' id='word_1_218' title='bbox 1659 2916 1732 2996; x_wconf 80' lang='grc' dir='ltr'>ἐξ</span> <span class='ocrx_word' id='word_1_219' title='bbox 1753 2923 1984 3000; x_wconf 78' lang='grc' dir='ltr'><strong><em>τοίχων</em></strong></span> <span class='ocrx_word' id='word_1_220' title='bbox 2018 2917 2366 2998; x_wconf 90' lang='lat' dir='ltr'>scripsisse,</span> <span class='ocrx_word' id='word_1_221' title='bbox 2412 2921 2699 2982; x_wconf 89' lang='lat' dir='ltr'>tantum-</span> 
     </span>
     <span class='ocr_line' id='line_1_26' title="bbox 450 3011 2703 3104; baseline 0 -20"><span class='ocrx_word' id='word_1_222' title='bbox 450 3021 635 3084; x_wconf 92' lang='lat' dir='ltr'>modo</span> <span class='ocrx_word' id='word_1_223' title='bbox 680 3011 754 3082; x_wconf 85' lang='lat' dir='ltr'>ut</span> <span class='ocrx_word' id='word_1_224' title='bbox 795 3018 1048 3099; x_wconf 84' lang='lat' dir='ltr'>longam</span> <span class='ocrx_word' id='word_1_225' title='bbox 1094 3019 1501 3104; x_wconf 87' lang='lat' dir='ltr'>concinnaret</span> <span class='ocrx_word' id='word_1_226' title='bbox 1529 3017 1858 3102; x_wconf 52' lang='lat' dir='ltr'>syllabamJ</span> <span class='ocrx_word' id='word_1_227' title='bbox 1899 3019 2122 3088; x_wconf 83' lang='lat' dir='ltr'>adhuc.</span> <span class='ocrx_word' id='word_1_228' title='bbox 2135 3016 2289 3103; x_wconf 83' lang='lat' dir='ltr'>mihi</span> <span class='ocrx_word' id='word_1_229' title='bbox 2308 3021 2703 3101; x_wconf 89' lang='lat' dir='ltr'>persuadere</span> 
     </span>
     <span class='ocr_line' id='line_1_27' title="bbox 446 3119 813 3205; baseline -0.005 -17"><span class='ocrx_word' id='word_1_230' title='bbox 446 3142 574 3188; x_wconf 89' lang='lat' dir='ltr'>non</span> <span class='ocrx_word' id='word_1_231' title='bbox 618 3119 813 3205; x_wconf 87' lang='lat' dir='ltr'>potui.</span> 
     </span>
    </p>
   </div>
   <div class='ocr_carea' id='block_1_4' title="bbox 448 3258 2706 3660">
    <p class='ocr_par' dir='ltr' id='par_1_4' title="bbox 448 3258 2706 3660">
     <span class='ocr_line' id='line_1_28' title="bbox 636 3258 2704 3344; baseline 0 -18"><span class='ocrx_word' id='word_1_232' title='bbox 636 3258 1183 3341; x_wconf 88' lang='lat' dir='ltr'>Praepositionum</span> <span class='ocrx_word' id='word_1_233' title='bbox 1246 3258 1700 3344; x_wconf 86' lang='lat' dir='ltr'>bisyllabarum</span> <span class='ocrx_word' id='word_1_234' title='bbox 1764 3279 1957 3328; x_wconf 91' lang='lat' dir='ltr'>unam</span> <span class='ocrx_word' id='word_1_235' title='bbox 2021 3262 2089 3327; x_wconf 91' lang='lat' dir='ltr'>in</span> <span class='ocrx_word' id='word_1_236' title='bbox 2154 3260 2278 3327; x_wconf 89' lang='lat' dir='ltr'>fine</span> <span class='ocrx_word' id='word_1_237' title='bbox 2340 3260 2704 3328; x_wconf 85' lang='lat' dir='ltr'>hexametri</span> 
     </span>
     <span class='ocr_line' id='line_1_29' title="bbox 448 3359 2706 3452; baseline 0.001 -21"><span class='ocrx_word' id='word_1_238' title='bbox 448 3366 721 3448; x_wconf 88' lang='lat' dir='ltr'>positam</span> <span class='ocrx_word' id='word_1_239' title='bbox 765 3364 1062 3430; x_wconf 82' lang='lat' dir='ltr'>exhibent</span> <span class='ocrx_word' id='word_1_240' title='bbox 1103 3364 1250 3430; x_wconf 89' lang='lat' dir='ltr'>libri</span> <span class='ocrx_word' id='word_1_241' title='bbox 1295 3365 1552 3446; x_wconf 90' lang='lat' dir='ltr'>quidam</span> <span class='ocrx_word' id='word_1_242' title='bbox 1577 3363 1693 3430; x_wconf 92' lang='lat' dir='ltr'>Od.</span> <span class='ocrx_word' id='word_1_243' title='bbox 1716 3363 1931 3431; x_wconf 90' lang='lat' dir='ltr'><strong>XXIV</strong></span> <span class='ocrx_word' id='word_1_244' title='bbox 1951 3363 2034 3430; x_wconf 84' lang='grc'>45</span> <span class='ocrx_word' id='word_1_245' title='bbox 2067 3365 2290 3432; x_wconf 60' lang='grc' dir='ltr'><em>πολλὰ</em></span> <span class='ocrx_word' id='word_1_246' title='bbox 2315 3365 2391 3433; x_wconf 83' lang='grc' dir='ltr'>δέ</span> <span class='ocrx_word' id='word_1_247' title='bbox 2414 3359 2659 3452; x_wconf 78' lang='grc' dir='ltr'><em>σ’ἀμφὶ</em></span> <span class='ocrx_word' id='word_1_248' title='bbox 2684 3363 2706 3434; x_wconf 85' lang='grc' dir='ltr'>ΙΙ</span> 
     </span>
     <span class='ocr_line' id='line_1_30' title="bbox 452 3466 2705 3557; baseline -0.002 -21"><span class='ocrx_word' id='word_1_249' title='bbox 452 3466 706 3557; x_wconf 76' lang='grc' dir='ltr'><strong><em>δάκρυα</em></strong></span> <span class='ocrx_word' id='word_1_250' title='bbox 753 3468 979 3552; x_wconf 77' lang='grc' dir='ltr'><strong><em>θερμὰ</em></strong></span> <span class='ocrx_word' id='word_1_251' title='bbox 1017 3470 1191 3552; x_wconf 75' lang='grc' dir='ltr'><strong><em>χέον,</em></strong></span> <span class='ocrx_word' id='word_1_252' title='bbox 1238 3467 1590 3550; x_wconf 90' lang='lat' dir='ltr'>probatque</span> <span class='ocrx_word' id='word_1_253' title='bbox 1633 3467 1995 3549; x_wconf 79' lang='lat' dir='ltr'>ErnestiuS,</span> <span class='ocrx_word' id='word_1_254' title='bbox 2065 3469 2179 3534; x_wconf 91' lang='lat' dir='ltr'>sed</span> <span class='ocrx_word' id='word_1_255' title='bbox 2221 3473 2550 3551; x_wconf 88' lang='lat' dir='ltr'>receptum</span> <span class='ocrx_word' id='word_1_256' title='bbox 2596 3472 2705 3533; x_wconf 89' lang='lat' dir='ltr'>est</span> 
     </span>
     <span class='ocr_line' id='line_1_31' title="bbox 452 3566 2703 3660; baseline -0.001 -22"><span class='ocrx_word' id='word_1_257' title='bbox 452 3566 491 3638; x_wconf 76' lang='grc' dir='ltr'><em>ἆ</em></span> <span class='ocrx_word' id='word_1_258' title='bbox 507 3599 556 3657; x_wconf 85' lang='grc' dir='ltr'><strong><em>μ</em></strong></span> <span class='ocrx_word' id='word_1_259' title='bbox 577 3568 671 3660; x_wconf 83' lang='grc' dir='ltr'>φί</span> <span class='ocrx_word' id='word_1_260' title='bbox 683 3596 744 3652; x_wconf 86' lang='grc' dir='ltr'>ς,</span> <span class='ocrx_word' id='word_1_261' title='bbox 788 3573 959 3654; x_wconf 88' lang='lat' dir='ltr'>quod</span> <span class='ocrx_word' id='word_1_262' title='bbox 1001 3590 1192 3654; x_wconf 88' lang='lat' dir='ltr'>saepe</span> <span class='ocrx_word' id='word_1_263' title='bbox 1238 3571 1494 3653; x_wconf 90' lang='lat' dir='ltr'>quidem</span> <span class='ocrx_word' id='word_1_264' title='bbox 1540 3572 2025 3653; x_wconf 85' lang='lat' dir='ltr'>praepositionis</span> <span class='ocrx_word' id='word_1_265' title='bbox 2077 3571 2214 3637; x_wconf 92' lang='lat' dir='ltr'>loco</span> <span class='ocrx_word' id='word_1_266' title='bbox 2257 3571 2532 3655; x_wconf 79' lang='lat' dir='ltr'>ponitur,</span> <span class='ocrx_word' id='word_1_267' title='bbox 2580 3570 2703 3636; x_wconf 88' lang='lat' dir='ltr'>sed</span> 
     </span>
    </p>
   </div>
   <div class='ocr_carea' id='block_1_5' title="bbox 443 3842 2702 4262">
    <p class='ocr_par' dir='ltr' id='par_1_5' title="bbox 443 3842 2702 4262">
     <span class='ocr_line' id='line_1_32' title="bbox 585 3842 2702 3917; baseline -0.001 -16"><span class='ocrx_word' id='word_1_268' title='bbox 585 3849 644 3910; x_wconf 78' lang='lat'>2)</span> <span class='ocrx_word' id='word_1_269' title='bbox 667 3842 895 3917; x_wconf 59' lang='lat' dir='ltr'>&#39;&#39;Eupo‘’</span> <span class='ocrx_word' id='word_1_270' title='bbox 932 3850 1174 3901; x_wconf 82' lang='lat' dir='ltr'>Parmen.</span> <span class='ocrx_word' id='word_1_271' title='bbox 1196 3844 1264 3902; x_wconf 83' lang='lat'>38</span> <span class='ocrx_word' id='word_1_272' title='bbox 1296 3848 1592 3901; x_wconf 77' lang='lat' dir='ltr'>Karstenus</span> <span class='ocrx_word' id='word_1_273' title='bbox 1614 3850 1844 3901; x_wconf 83' lang='lat' dir='ltr'>correxit</span> <span class='ocrx_word' id='word_1_274' title='bbox 1875 3852 2078 3901; x_wconf 82' lang='lat' dir='ltr'>remota</span> <span class='ocrx_word' id='word_1_275' title='bbox 2106 3848 2446 3916; x_wconf 83' lang='lat' dir='ltr'>apostroph0‚</span> <span class='ocrx_word' id='word_1_276' title='bbox 2481 3847 2702 3899; x_wconf 81' lang='lat' dir='ltr'>retinuit</span> 
     </span>
     <span class='ocr_line' id='line_1_33' title="bbox 448 3931 2699 4002; baseline 0 -16"><span class='ocrx_word' id='word_1_277' title='bbox 448 3949 576 3986; x_wconf 79' lang='lat' dir='ltr'>vero</span> <span class='ocrx_word' id='word_1_278' title='bbox 613 3936 873 4002; x_wconf 86' lang='lat' dir='ltr'>Bergkius</span> <span class='ocrx_word' id='word_1_279' title='bbox 912 3935 1111 4001; x_wconf 84' lang='lat' dir='ltr'>Sapph.</span> <span class='ocrx_word' id='word_1_280' title='bbox 1149 3936 1330 4002; x_wconf 75' lang='lat' dir='ltr'>Frgm.</span> <span class='ocrx_word' id='word_1_281' title='bbox 1368 3936 1420 3986; x_wconf 91' lang='lat'>11</span> <span class='ocrx_word' id='word_1_282' title='bbox 1454 3935 1491 3988; x_wconf 75' lang='lat'><strong>2</strong></span> <span class='ocrx_word' id='word_1_283' title='bbox 1543 3940 1596 3987; x_wconf 88' lang='lat' dir='ltr'>et</span> <span class='ocrx_word' id='word_1_284' title='bbox 1628 3936 1906 3988; x_wconf 80' lang='lat' dir='ltr'>novissimi</span> <span class='ocrx_word' id='word_1_285' title='bbox 1940 3936 2163 3987; x_wconf 82' lang='lat' dir='ltr'>editores</span> <span class='ocrx_word' id='word_1_286' title='bbox 2202 3936 2364 4002; x_wconf 89' lang='lat' dir='ltr'>Orph.</span> <span class='ocrx_word' id='word_1_287' title='bbox 2400 3935 2529 4002; x_wconf 77' lang='lat' dir='ltr'>Arg.</span> <span class='ocrx_word' id='word_1_288' title='bbox 2566 3931 2699 3997; x_wconf 84' lang='lat'><strong>579,</strong></span> 
     </span>
     <span class='ocr_line' id='line_1_34' title="bbox 444 4018 2701 4088; baseline -0.001 -15"><span class='ocrx_word' id='word_1_289' title='bbox 444 4021 588 4075; x_wconf 86' lang='lat' dir='ltr'>Lith.</span> <span class='ocrx_word' id='word_1_290' title='bbox 624 4018 744 4086; x_wconf 81' lang='grc'><strong>461,</strong></span> <span class='ocrx_word' id='word_1_291' title='bbox 782 4022 1006 4087; x_wconf 74' lang='lat' dir='ltr'>Oppiam.</span> <span class='ocrx_word' id='word_1_292' title='bbox 1025 4022 1146 4073; x_wconf 75' lang='lat' dir='ltr'>Hal.</span> <span class='ocrx_word' id='word_1_293' title='bbox 1173 4023 1200 4072; x_wconf 93' lang='lat'>1</span> <span class='ocrx_word' id='word_1_294' title='bbox 1219 4020 1338 4085; x_wconf 77' lang='lat'><strong>579,</strong></span> <span class='ocrx_word' id='word_1_295' title='bbox 1375 4023 1429 4073; x_wconf 91' lang='lat'>11</span> <span class='ocrx_word' id='word_1_296' title='bbox 1463 4018 1585 4086; x_wconf 76' lang='lat'><strong>232,</strong></span> <span class='ocrx_word' id='word_1_297' title='bbox 1626 4024 1804 4086; x_wconf 76' lang='lat' dir='ltr'>Quint.</span> <span class='ocrx_word' id='word_1_298' title='bbox 1840 4023 1865 4073; x_wconf 88' lang='lat'>1</span> <span class='ocrx_word' id='word_1_299' title='bbox 1904 4018 2024 4087; x_wconf 78' lang='lat'><strong>332,</strong></span> <span class='ocrx_word' id='word_1_300' title='bbox 2062 4022 2138 4072; x_wconf 72' lang='lat' dir='ltr'>lx</span> <span class='ocrx_word' id='word_1_301' title='bbox 2174 4020 2293 4086; x_wconf 74' lang='lat'>415,</span> <span class='ocrx_word' id='word_1_302' title='bbox 2331 4022 2473 4088; x_wconf 82' lang='lat' dir='ltr'>quod</span> <span class='ocrx_word' id='word_1_303' title='bbox 2509 4021 2701 4072; x_wconf 68' lang='lat' dir='ltr'>dubito</span> 
     </span>
     <span class='ocr_line' id='line_1_35' title="bbox 446 4102 2699 4180; baseline 0 -22"><span class='ocrx_word' id='word_1_304' title='bbox 446 4124 512 4159; x_wconf 86' lang='lat' dir='ltr'>an</span> <span class='ocrx_word' id='word_1_305' title='bbox 552 4108 792 4173; x_wconf 84' lang='lat' dir='ltr'>Koechly</span> <span class='ocrx_word' id='word_1_306' title='bbox 829 4113 1092 4159; x_wconf 82' lang='lat' dir='ltr'>servatum</span> <span class='ocrx_word' id='word_1_307' title='bbox 1144 4125 1262 4160; x_wconf 81' lang='lat' dir='ltr'>esse</span> <span class='ocrx_word' id='word_1_308' title='bbox 1296 4109 1449 4173; x_wconf 81' lang='lat' dir='ltr'>nolit3</span> <span class='ocrx_word' id='word_1_309' title='bbox 1485 4124 1642 4180; x_wconf 29' lang='lat' dir='ltr'>nam?</span> <span class='ocrx_word' id='word_1_310' title='bbox 1669 4111 1726 4159; x_wconf 88' lang='lat' dir='ltr'>in</span> <span class='ocrx_word' id='word_1_311' title='bbox 1786 4108 1951 4174; x_wconf 84' lang='lat' dir='ltr'>praef.</span> <span class='ocrx_word' id='word_1_312' title='bbox 1998 4124 2048 4173; x_wconf 85' lang='lat' dir='ltr'>p.</span> <span class='ocrx_word' id='word_1_313' title='bbox 2084 4109 2210 4159; x_wconf 91' lang='lat' dir='ltr'>LIV</span> <span class='ocrx_word' id='word_1_314' title='bbox 2244 4113 2298 4160; x_wconf 85' lang='lat' dir='ltr'>et</span> <span class='ocrx_word' id='word_1_315' title='bbox 2329 4108 2399 4159; x_wconf 79' lang='lat' dir='ltr'>ad</span> <span class='ocrx_word' id='word_1_316' title='bbox 2434 4108 2461 4158; x_wconf 84' lang='lat'>1</span> <span class='ocrx_word' id='word_1_317' title='bbox 2496 4122 2549 4160; x_wconf 81' lang='lat' dir='ltr'>v.</span> <span class='ocrx_word' id='word_1_318' title='bbox 2586 4102 2699 4160; x_wconf 77' lang='lat'>216</span> 
     </span>
     <span class='ocr_line' id='line_1_36' title="bbox 443 4190 2697 4262; baseline -0 -14"><span class='ocrx_word' id='word_1_319' title='bbox 443 4194 728 4248; x_wconf 79' lang='lat' dir='ltr'>infinitivos</span> <span class='ocrx_word' id='word_1_320' title='bbox 762 4194 1068 4246; x_wconf 85' lang='lat' dir='ltr'>huiusmodi</span> <span class='ocrx_word' id='word_1_321' title='bbox 1108 4196 1373 4262; x_wconf 80' lang='lat' dir='ltr'>improbat</span> <span class='ocrx_word' id='word_1_322' title='bbox 1424 4192 1691 4261; x_wconf 61' lang='lat' dir='ltr'>[emundat.</span> <span class='ocrx_word' id='word_1_323' title='bbox 1730 4193 1789 4246; x_wconf 70' lang='lat' dir='ltr'>in</span> <span class='ocrx_word' id='word_1_324' title='bbox 1827 4194 1943 4247; x_wconf 66' lang='lat' dir='ltr'>edit.</span> <span class='ocrx_word' id='word_1_325' title='bbox 1992 4192 2224 4261; x_wconf 79' lang='lat' dir='ltr'>Teubn.].</span> <span class='ocrx_word' id='word_1_326' title='bbox 2295 4196 2382 4255; x_wconf 90' lang='lat' dir='ltr'>(In</span> <span class='ocrx_word' id='word_1_327' title='bbox 2416 4195 2482 4247; x_wconf 84' lang='lat' dir='ltr'>L.</span> <span class='ocrx_word' id='word_1_328' title='bbox 2519 4194 2547 4244; x_wconf 90' lang='grc' dir='ltr'>Ι</span> <span class='ocrx_word' id='word_1_329' title='bbox 2582 4190 2697 4247; x_wconf 73' lang='lat'>302</span> 
     </span>
    </p>
   </div>
   <div class='ocr_carea' id='block_1_6' title="bbox 446 4277 2555 4354">
    <p class='ocr_par' dir='ltr' id='par_1_6' title="bbox 446 4277 2555 4354">
     <span class='ocr_line' id='line_1_37' title="bbox 446 4277 2555 4354; baseline -0 -21"><span class='ocrx_word' id='word_1_330' title='bbox 446 4283 540 4334; x_wconf 80' lang='grc' dir='ltr'>καὶ</span> <span class='ocrx_word' id='word_1_331' title='bbox 577 4277 635 4354; x_wconf 62' lang='lat' dir='ltr'>ro</span> <span class='ocrx_word' id='word_1_332' title='bbox 671 4279 780 4345; x_wconf 77' lang='grc' dir='ltr'>μὲν</span> <span class='ocrx_word' id='word_1_333' title='bbox 815 4277 1081 4351; x_wconf 78' lang='grc' dir='ltr'><strong><em>ἀτρεκέως</em></strong></span> <span class='ocrx_word' id='word_1_334' title='bbox 1115 4277 1223 4353; x_wconf 79' lang='grc' dir='ltr'>φῂς</span> <span class='ocrx_word' id='word_1_335' title='bbox 1258 4280 1493 4346; x_wconf 76' lang='grc' dir='ltr'><strong><em>ἔμμεναι</em></strong></span> <span class='ocrx_word' id='word_1_336' title='bbox 1530 4284 1797 4352; x_wconf 82' lang='lat' dir='ltr'>optativus</span> <span class='ocrx_word' id='word_1_337' title='bbox 1834 4284 2143 4351; x_wconf 82' lang='lat' dir='ltr'>requiritur:</span> <span class='ocrx_word' id='word_1_338' title='bbox 2182 4285 2350 4353; x_wconf 66' lang='grc' dir='ltr'><strong><em>φαίης</em></strong></span> <span class='ocrx_word' id='word_1_339' title='bbox 2385 4279 2555 4346; x_wconf 77' lang='grc' dir='ltr'><strong>ἔμεν.)</strong></span> 
     </span>
    </p>
   </div>
   <div class='ocr_carea' id='block_1_7' title="bbox 2909 4270 2914 4882">
    <p class='ocr_par' dir='ltr' id='par_1_7' title="bbox 2909 4270 2914 4882">
     <span class='ocr_line' id='line_1_38' title="bbox 2909 4270 2914 4882; baseline 0 0"><span class='ocrx_word' id='word_1_340' title='bbox 2909 4270 2914 4882; x_wconf 95' lang='lat' dir='ltr'> </span> 
     </span>
    </p>
   </div>
  </div>
 </body>
</html>
