2946 4928
127 1230 177 1244 s

945 325 1060 398 nn
1107 282 1509 425 Arocofn.
1594 332 1772 402 cn„
1817 335 1936 422 51.
2428 335 2561 404 ²79

311 495 739 578 reprehensus
784 499 885 561 est
925 514 1050 562 non
1093 471 1424 578 immerite,
1471 493 1579 563 ὅτι
1620 481 1967 585 ἆναλόγὼς
2016 502 2226 565 ταῦτα
2264 486 2556 588 ἐκφέρει

305 598 347 663 δ
400 594 709 686 ποιητήςε
758 597 1052 681 Κάλχαν,
1099 592 1283 666 Αἶαν
1327 600 1518 666 schol.
1564 601 1724 666 XIII
1766 599 1869 667 68.
1958 601 2056 667 De
2099 602 2279 669 initio
2333 622 2556 670 versus

309 694 497 777 ,Αἶαν
535 697 858 785 Ἰδυμενεῦ
902 726 973 768 τε
1018 701 1241 768 XXIII
1284 700 1409 773 493
1455 705 1608 786 quid
1648 704 1757 769 ille
1822 704 2146 785 statuerit,
2211 707 2556 787 nescimus;

313 806 370 870 si
415 808 704 871 constare
749 804 872 870 sibi
914 805 1128 885 voluit,
1176 801 1326 872 Αἴα
1374 806 1707 888 scripserit
1744 825 2007 873 necesse
2073 812 2191 888 est,
2259 813 2334 874 ut
2376 808 2554 889 Hoff-

309 924 579 973 mannus
626 906 889 984 Quaest.
931 906 1114 973 Hom.
1159 908 1192 973 I
1240 909 1379 989 101,
1423 910 1735 991 producta
1774 909 1977 975 vocali
2018 910 2261 986 ultima.
2347 910 2437 976 Et
2463 912 2557 978 sic

308 1010 525 1077 Latini
567 1028 815 1092 quoque
837 1015 1064 1091 poetae
1087 1010 1359 1087 faciunt:
1407 1034 1442 1074 ο
1491 1010 1742 1093 Gazaba,
1788 1034 1826 1075 ο
1872 1011 2045 1093 Atia,
2092 1033 2128 1075 ο
2172 1011 2394 1091 Pali&
2439 1014 2555 1078 sed
2652 1088 2659 1093 ,

301 1115 502 1180 iidem
543 1114 730 1195 vulgo
774 1118 1039 1179 utuntur
1081 1114 1444 1196 trisyllabis.
1535 1113 1746 1190 Quare
1810 1115 1970 1179 haec
2021 1115 2089 1179 in
2150 1114 2553 1182 heteroclito-

305 1234 452 1283 rum
494 1232 828 1282 numerum
874 1218 1278 1298 aggreganda
1320 1221 1485 1281 sunt.
1574 1216 1741 1282 Hinc
1767 1214 2066 1282 differunt
2088 1217 2384 1299 syntheta
2425 1219 2553 1300 illa,

305 1316 575 1402 quorum
619 1338 783 1385 unus
825 1320 1092 1386 vocandi
1136 1337 1322 1385 casus
1354 1319 1676 1384 interdum
1722 1319 1805 1384 ad
1832 1319 2116 1400 'primam
2136 1321 2555 1388 translabimr

306 1427 375 1488 et
417 1424 486 1488 id
524 1441 650 1488 non
695 1441 899 1504 aequa
942 1422 1370 1488 technicorum
1419 1421 1788 1487 assensione
1803 1472 1818 1502 ,
1888 1426 1961 1487 ut
2003 1421 2311 1506 Didymus
2352 1424 2555 1491 refert

305 1526 391 1591 ad
425 1525 560 1590 XII
603 1524 724 1590 231
778 1522 1193 1606 Πουλυδάμα
1239 1521 1311 1591 αἱ
1347 1519 1787 1611 Ἀριστάρχου
1827 1523 2029 1610 χωρὶς
2072 1528 2192 1592 τοῦ
2241 1529 2295 1597 37
2363 1526 2552 1616 παρὰ

301 1627 422 1715 ’τὴν
447 1624 828 1715 άνάλογίαν·
877 1624 1243 1714 Ζηνόδοτος
1287 1628 1362 1694 δὲ
1407 1627 1519 1693 καὶ
1543 1625 1945 1710 Χαμαιλέων
1988 1627 2107 1692 σὺν
2145 1631 2239 1715 τῷ
2283 1630 2327 1699 ἶ
2369 1632 2551 1696 Hou-

306 1727 625 1815 λυδάμαν.
713 1730 896 1795 Hanc
939 1730 1107 1795 enim
1147 1730 1401 1795 literam
1443 1730 1652 1811 poscit
1693 1730 1984 1812 analogia
2004 1729 2402 1812 superiorum
2445 1739 2548 1799 ca'-

301 1850 509 1914 suum,
555 1833 665 1916 qui
709 1837 1078 1898 constantur
1141 1851 1259 1914 per
1300 1834 1371 1903 {Z
1420 1832 1818 1899 declinantur
1832 1884 1848 1914 ,
1910 1851 2040 1899 non
2095 1834 2299 1899 solum
2362 1835 2551 1903 huius

294 1937 584 2016 nominiS,
599 1936 714 2001 sed
729 1935 1027 2000 similium
1038 1937 1313 2002 omnium
1329 1956 1346 2000 :
1365 1931 1803 2018 Ἀστυδάμας,
1822 1933 2232 2019 Θειοδάμας,
2248 1933 2548 2024 Εἰρυδάι-

301 2064 456 2121 μας,
479 2035 924 2120 Ἱπποδάμας,
956 2036 1364 2119 Λεωδάμας,
1387 2034 1846 2125 Χερσιδάμας,
1871 2038 2262 2121 eandemque
2283 2040 2554 2123 requirit

304 2142 495 2208 schol.
518 2140 576 2206 A
619 2141 702 2206 ad
744 2140 964 2206 XVIII
1005 2140 1133 2207 285
1155 2140 1576 2225 Πουλυδάμα
1622 2139 1759 2209 ἔδει
1784 2137 2255 2225 Πουλυδάμαν·
2298 2147 2550 2209 τοιοῦτο

303 2244 382 2312 δὲ
422 2242 627 2310 καὶτὸ
652 2240 999 2326 Λαοδάμα
1024 2244 1209 2332 παρὰ
1254 2244 1369 2310 τὸν
1414 2242 1628 2331 ὀρθὸν
1670 2238 1889 2330 λόγον,
1922 2250 1990 2310 et
2030 2249 2253 2331 aperte
2293 2264 2450 2327 prae
2480 2264 2553 2312 se

299 2348 429 2414 fert
468 2346 792 2413 vocativus
837 2338 892 2410 ὦ
936 2342 1369 2431 Εὐρυδάμαν,
1417 2367 1606 2430 quem
1653 2345 2126 2413 Choeroboscus
2167 2366 2230 2429 p.
2280 2346 2418 2416 105.
2465 2347 2548 2414 35

303 2471 382 2517 ex
424 2450 656 2517 Alcaeo
714 2448 990 2533 (Fragm.
1034 2469 1094 2532 p.
1137 2448 1263 2517 595
1310 2450 1407 2517 ed.
1452 2449 1486 2515 I
1529 2448 1778 2534 Bergk„
1821 2468 1883 2532 p.
1931 2448 2050 2515 731
2096 2449 2196 2517 ed.
2236 2448 2334 2534 11)
2401 2472 2547 2534 pro·-

299 2555 466 2634 tulit,
512 2554 625 2619 sed
669 2550 929 2618 offendit
950 2557 1272 2633 accentus3
1318 2573 1467 2620 nam
1490 2553 1681 2635 alpha
1722 2554 1909 2619 huius
1931 2554 2391 2620 terminationis
2433 2574 2548 2621 na-

298 2663 447 2723 tura
489 2657 682 2740 breve
726 2661 843 2735 est,
889 2656 1004 2722 sed
1045 2655 1414 2737 producitur
1454 2658 1521 2721 in
1565 2656 1771 2738 prima
1813 2653 2122 2738 positione
2147 2656 2230 2721 ad
2244 2657 2547 2738 supplen-

271 2760 453 2826 -dum
495 2758 814 2825 defectum
859 2776 1167 2824 consonae
1211 2777 1295 2841 ny
1336 2778 1378 2824 a
1422 2760 1625 2840 sigma
1662 2755 1841 2824 finali
1884 2757 2182 2839 expulsae
2194 2781 2217 2839 ,-
2283 2776 2447 2840 quae
2491 2760 2549 2825 si

296 2863 366 2927 in
403 2859 722 2928 declinatu
740 2862 1117 2942 restituitur,
1163 2862 1340 2926 nulla
1360 2880 1553 2946 causa
1574 2865 1690 2941 est,
1735 2862 1887 2943 quin
1906 2861 2141 2927 vocalis
2163 2861 2248 2925 ad
2266 2862 2547 2927 nativam

296 2962 677 3029 brevitatem
696 2965 936 3044 redeat,
980 2967 1054 3030 ut
1070 2966 1137 3028 in
1159 2964 1556 3046 appellativis
1581 2957 1984 3047 ἀνδριάντος,
2031 2958 2320 3046 ἱμάνιος.
2410 2963 2549 3030 Hoc
2604 2997 2611 3003 ·

298 3070 515 3132 autem
536 3065 702 3132 facto
726 3070 1217 3152 consentaneum
1260 3071 1377 3147 est,
1423 3066 1731 3149 syllabam
1754 3066 1834 3131 ab
1858 3071 2142 3131 extrema
2160 3067 2418 3148 tertiam
2440 3084 2544 3133 ac-

299 3172 553 3233 centum
596 3169 678 3233 ad
721 3187 793 3235 se
835 3169 1114 3250 recipere
1147 3166 1672 3253 (Ηουλύὸαμαν),
1718 3170 1884 3235 sicut
1910 3187 1952 3234 a
1972 3170 2374 3235 nominativis
2397 3189 2544 3252 par·-

300 3271 586 3352 oxytonis
624 3266 1065 3366 Ἆλκιμέδων,
1132 3271 1564 3353 ποντομέδων
1606 3270 1769 3337 fiunt
1832 3272 2100 3337 vocativi
2162 3290 2545 3355 proparoxy-

296 3372 466 3438 toni.v
538 3367 984 3456 Πουλυδάμα,
1034 3373 1201 3456 quod
1233 3373 1642 3440 Aristarchus
1684 3372 2229 3455 brachycatalecto
2270 3373 2546 3441 fortasse

297 3480 639 3558 propterea
680 3473 1001 3558 praetulit,
1046 3477 1198 3558 quia
1241 3495 1429 3542 aures
1472 3476 1675 3558 magis
1699 3475 1988 3557 complet,
2036 3480 2102 3541 et
2146 3495 2309 3558 quae
2333 3497 2541 3559 gram-

295 3578 515 3643 matici
536 3578 795 3659 addunt,
820 3574 1187 3661 Ἀλκιδάμα
1213 3577 1518 3644 Choerob.
1547 3577 1687 3644 105.
1704 3576 1808 3658 24,
1825 3572 2087 3661 Muciam
2109 3579 2290 3645 Eust.
2312 3578 2458 3646 902.
2485 3581 2545 3662 7,

294 3671 502 3761 primo
546 3681 749 3746 ordini
793 3681 1065 3747 adscribi
1110 3685 1359 3763 oportet
1401 3681 1568 3746 sicut
1611 3685 1758 3746 ante
1802 3680 1997 3745 allata
2038 3677 2188 3747 ,Αἴα
2201 3728 2220 3757 ,
2270 3686 2337 3746 K
2338 3679 2546 3765 άλχα,·

293 3782 413 3847 sed
458 3783 610 3864 quia
649 3785 718 3848 in
762 3801 888 3848 uno
931 3788 1182 3849 tantum
1224 3801 1374 3850 casu
1403 3784 1826 3864 reperiuntur,
1870 3781 2270 3865 metaplasmi
2290 3787 2542 3852 nomine

298 3884 602 3968 distingui
645 3886 964 3965 convenit3
1030 3905 1166 3968 quo
1198 3891 1452 3968 recepto
1495 3887 1769 3968 suspicio
1813 3903 2129 3968 apocopae
2180 3896 2543 3977 removetur

293 3986 405 4073 [cf.
448 4006 510 4069 p.
560 3985 730 4074 1941.
1598 4011 1603 4016 ’

471 4089 735 4157 Dativos
779 4091 971 4157 trium
1013 4090 1451 4173 pronominum
1494 4089 1775 4171 plurales
1808 4087 2176 4172 Apollonius
2198 4089 2382 4157 Pron.
2419 4090 2538 4156 125

291 4199 368 4259 ct
399 4193 560 4260 Adv.
606 4192 734 4260 574
777 4210 1115 4259 consonam
1159 4211 1197 4257 a
1238 4190 1470 4259 natura
1514 4196 1838 4284 acceptam
1879 4191 2115 4278 habere
2160 4194 2313 4259 dicit
2353 4212 2538 4275 prae-

300 4299 403 4362 ter
448 4296 705 4370 Aeolica
751 4288 920 4379 ἄμμι
968 4299 1035 4360 et
1076 4287 1266 4379 ι’ἷμμι,
1309 4285 1538 4377 quibus
1583 4295 1640 4360 si
1683 4294 2045 4376 adhaereat,
2089 4313 2204 4377 pro
2244 4293 2542 4362 afficticia
