2946 4928
906 345 1023 413 DE
1065 344 1469 414 Arocorn.
1558 345 1627 413 c.
1668 344 1747 415 v,
1791 348 1827 433 ς,
1870 350 1939 453 2.
2403 338 2532 414 305

291 507 532 588 reperi,
576 507 699 573 nisi
741 509 912 577 idem
952 511 1112 577 illud
1152 509 1450 578 feminine
1498 511 1889 595 appellatum
1933 528 2075 578 esse
2119 506 2161 599 ἧ
2210 505 2348 593 ἶχώ,
2419 512 2536 597 τὴν

298 606 419 691 ἰχῶ
475 616 550 675 ut
612 612 728 700 τὴν
794 612 962 680 ἐλδῶ
1027 614 1283 699 [Parall.
1329 613 1487 699 219]
1522 614 1605 698 *).
1690 615 1931 680 Verum
1993 614 2112 680 hoc
2179 613 2538 679 accuratius

212 784 222 805 .
300 714 608 780 disseruit
626 715 948 782 LehrsiuS.
978 754 1049 763 —
1079 717 1426 782 Hesiodum
1449 718 1874 783 accusativum
1920 711 2136 783 Θόαν
2177 734 2542 798 usurpasse,

302 816 604 883 Alcaeum
669 814 796 882 A
760 844 889 884 ιαν
955 818 1456 886 Choeroboscus
1494 821 1681 891 docet
1734 820 1974 888 95.15
2043 816 2266 887 πάντα
2332 823 2543 886 ταῦτα

301 919 470 986 κατὰ
519 921 866 1010 ποιητικὴν
923 916 1207 1011 ἀνάγκην
1270 927 1392 989 τοῦ
1457 923 1709 1009 μέτρου
1776 920 2232 1005 ἷσοσυλλάβως
2285 917 2544 1011 euuan-

300 1020 470 1089 ὅθεν
513 1024 869 1111 μέμφομαι
916 1024 1067 1104 τοις
1113 997 1552 1111 πεζολόγους,
1627 1023 1779 1094 ὅσοι
1834 1028 1916 1093 τὰ
1961 1030 2240 1094 τοιαῦτα
2287 1025 2542 1092 ἲσοσυλ-

303 1123 529 1208 λάβως
574 1126 846 1193 ἔκλιναν.
934 1128 1147 1210 Atque
1189 1128 1353 1195 hanc
1396 1148 1589 1194 unam
1643 1130 1957 1195 rationem
2021 1129 2082 1195 ei
2135 1127 2396 1210 reliquit
2438 1144 2543 1193 ca-

298 1247 427 1293 non
472 1229 551 1294 ab
596 1230 733 1311 ipso
778 1232 1210 1313 praescriptus
1233 1229 1335 1297 95.
1381 1231 1466 1297 28
1517 1226 1845 1300 οὖὸἔποτε
1890 1230 2107 1319 γενικὴ
2156 1230 2273 1299 διὰ
2316 1233 2436 1297 voi
2480 1233 2546 1302 ἴε

298 1332 648 1420 κλινομένη
697 1329 939 1415 πάσχει
987 1327 1341 1420 ἀποκοπὴν
1387 1334 1556 1400 κατὰ
1602 1334 1719 1423 τὴν
1766 1331 2152 1424 αἶτιαὲικὴν.
2224 1333 2402 1400 Idem
2435 1333 2546 1399 alii

302 1434 383 1498 de
428 1435 694 1515 Abantis
748 1436 1000 1502 nomine
1053 1437 1470 1519 praedicant?
1535 1432 1968 1525 Ἥρωόιὰνός
2035 1462 2233 1526 φησι,
2301 1434 2402 1502 ὅτι
2467 1439 2541 1502 τὸ

275 1533 530 1624 πείρων
575 1540 686 1605 καὶ
732 1536 1181 1621 ῖσοσυλλάβως
1225 1540 1517 1608 κλίνεται
1543 1568 1653 1608 και
1638 1538 2304 1627 περιττοσυλλάβως
2327 1538 2542 1621 Steph.

219 1706 227 1714 ,
298 1641 401 1706 Ex
443 1641 561 1706 hoc
605 1641 1036 1724 similibusque
1080 1643 1316 1724 multiS,
1363 1663 1527 1726 quae
1571 1642 1797 1726 collegi
1835 1645 1902 1709 in
1944 1644 2177 1710 Parall.
2219 1642 2340 1708 172
2385 1661 2521 1725 sqq.
2508 1693 2542 1724 .,

299 1742 636 1810 manifesto
704 1750 995 1827 apparet,
1062 1745 1249 1810 huius
1316 1736 1557 1829 figurae
1623 1747 1877 1813 nomina
1948 1763 2140 1827 saepe
2206 1744 2542 1826 dupliciter

297 1847 614 1913 declinata
659 1865 800 1913 esse
866 1848 967 1912 vel
1012 1849 1078 1912 in
1120 1866 1247 1913 uno
1293 1849 1574 1917 alterove
1619 1868 1771 1916 casu
1834 1849 1936 1915 vel
1979 1849 2047 1913 in
2091 1846 2398 1927 omnibuS,
2468 1853 2544 1913 ut

187 1971 196 1976 ·
304 1946 591 2030 Calchas,
659 1950 826 2032 quod
870 1951 1265 2033 grammatici
1308 1952 1522 2020 Latini
1587 1973 1665 2020 ex
1706 1952 1949 2035 poetis
1977 1951 2206 2033 priscis
2265 1949 2540 2017 afferunt

303 2051 393 2136 [p.
439 2051 613 2137 278}
642 2090 719 2102 —
760 2053 855 2117 De
901 2054 1275 2120 accusativis
1320 2054 1643 2121 nominum
1686 2055 1753 2120 in
1794 2056 1890 2132 ἐυ-ξ
1929 2048 2251 2141 Ὀδυσῆ,
2326 2055 2547 2142 Τυδῆ
2596 2071 2611 2079 “

296 2157 532 2221 mirum
576 2160 678 2221 est
730 2155 1164 2221 Herodianum
1206 2157 1416 2238 ipsum
1480 2158 1863 2225 haesitasse:
1934 2161 2249 2245 Μηκιστῆ
2296 2151 2546 2239 ὁμοίως

296 2264 391 2347 τῷ
444 2261 667 2345 Τυδῆ.
699 2252 849 2347 ἤτοι
898 2255 1212 2346 ἀπεκόπη
1262 2253 1303 2345 ἢ
1350 2261 1653 2347 δωρικιῦς
1676 2260 1960 2326 κέκλιται
2007 2259 2287 2326 inschol.
2323 2259 2395 2325 Il.
2420 2259 2542 2327 XV

300 2360 427 2428 339
475 2361 559 2445 [v.
603 2381 663 2443 p
710 2360 793 2426 83
841 2379 933 2443 sq
980 2366 1048 2427 et
1091 2360 1265 2445 273}
1319 2398 1391 2409 —
1461 2362 1756 2429 Eundem
1799 2368 2122 2429 auctorem
2164 2361 2400 2428 habere
2445 2363 2536 2428 vi-

299 2467 488 2531 detur
509 2464 779 2532 Ioannes
800 2463 1113 2548 p.12.18,
1159 2483 1352 2547 quum
1375 2469 1528 2551 ιίφα
1554 2485 1870 2550 apocopae
1893 2467 2248 2547 subiiceret‚
2295 2467 2375 2532 de
2415 2485 2540 2548 quo

300 2573 528 2651 postea
551 2569 796 2635 dicetur
824 2587 882 2690 p.
908 2567 1051 2633 316.
1077 2606 1152 2622 ι-
1184 2567 1365 2645 Quod
1410 2568 1639 2635 Suidas
1686 2570 1838 2636 dicit
1897 2565 2087 2637 εἶκῶ
2154 2568 2266 2653 τὴν
2322 2564 2544 2635 εἰκόνα

299 2671 469 2737 κατὰ
537 2666 926 2760 ἀποκοπήν,
1016 2672 1086 2739 si
1133 2673 1337 2738 sciens
1402 2673 1747 2755 volensque
1809 2673 2293 2756 perispomenon
2355 2670 2524 2752 fecit,

300 2775 743 2857 grammaticos
784 2775 926 2839 illos
972 2780 1278 2856 sequutus
1322 2779 1448 2856 est,
1517 2777 1626 2858 qui
1668 2785 1983 2859 apocopae
2049 2775 2293 2841 ectasin
2357 2791 2536 2843 acce-

303 2879 456 2944 dere
500 2878 730 2943 docent
750 2876 870 2962 **).

473 2980 570 3046 De
613 2999 876 3046 numero
920 2980 1093 3046 duali
1133 2981 1291 3046 nihil
1332 2980 1743 3063 praecipiunt,
1787 2980 1913 3046 nisi
1954 2980 2123 3070 quod
2164 2975 2536 3061 Apollonius

297 3083 485 3148 Pron.
541 3083 657 3149 117
703 3082 929 3148 refert:
1000 3082 1072 3149 τὸ
1121 3078 1333 3167 ἄμμε
1388 3079 1871 3169 &nonenim-9911.
1937 3084 2145 3171 φασὶν
2210 3078 2349 3150 ἀπὸ
2419 3088 2538 3149 τοῦ

304 3183 581 3269 ἆμμέας,
629 3186 742 3251 sed
786 3204 826 3250 a
867 3189 1088 3251 nostra
1133 3203 1326 3251 causa
1370 3186 1724 3251 seiunctum
1768 3191 1884 3252 est.

480 3287 793 3368 Omnium,
838 3306 1001 3369 quae
1045 3288 1124 3353 de
1167 3276 1537 3370 pluralibus
1564 3286 1931 3368 afferuntur,
1976 3286 2245 3352 maxime
2265 3286 2543 3354 notabile

302 3396 406 3458 est
447 3391 630 3472 illud,
697 3408 821 3473 quo
857 3389 1096 3457 *Strabo
1152 3392 1235 3456 ad
1279 3383 1837 3458 demonstrandam
1881 3407 2196 3471 apocopae
2239 3388 2536 3472 frequenss

234 3487 240 3491 ’
295 3497 456 3561 tiam
497 3495 727 3560 utitur:
791 3490 1194 3581 Ἐπίχαρμος
1238 3490 1574 3581 Συρακώ
1642 3495 1818 3579 λέγει
1872 3493 1992 3572 τὰς
2034 3488 2536 3580 Συρακούσσας,
2604 3573 2615 3585 .

299 3597 471 3680 quod
512 3597 637 3662 nisi
679 3594 1087 3684 Συρακώσας
1132 3597 1476 3678 scribatur,
1541 3596 1905 3679 praeposito
1949 3614 2176 3679 parum
2214 3595 2539 3677 'convenit3

442 3820 497 3887 *)
533 3820 702 3874 Am:
755 3823 979 3884 „Cetera
1021 3824 1077 3874 in
1109 3805 1194 3894 ἶῖῥ
1233 3822 1477 3889 disyllab.
1523 3837 1620 3888 per
1651 3804 1789 3892 οἷο-ξ
1843 3827 1895 3873 et
1940 3827 2080 3887 oxyt.
2132 3817 2336 3887 [baa-vt]
2375 3820 2543 3872 Choe-

298 3910 416 3962 rob.
456 3907 594 3975 [sm.
615 3908 700 3973 30,
736 3908 820 3962 87
858 3907 928 3975 ⁴]-
965 3909 1237 3962 Thiersoh.
1272 3910 1303 3971 s
1328 3906 1425 3961 iss
1457 3926 1510 3975 p.
1528 3902 1633 3961 296
1669 3908 1774 3976 ιχῶ
1809 3892 2106 3977 οωιεεοῖῖ,
2134 3907 2271 3959 idem
2298 3904 2545 3959 Πυθῶδε

297 4012 367 4049 cx
385 3992 703 4047 Πυθῶναδε
718 4002 778 4047 ut
795 3996 936 4063 γέλω
955 4012 1021 4047 ex
1038 3996 1287 4064 γέλωαρ.
1306 3992 1427 4055 295.
1445 3996 1702 4048 Matthiae
1724 4011 1775 4062 p.
1793 3991 1996 4061 2090q.
2018 3994 2138 4063 ἰχῶ,
2150 3988 2395 4047 Ἀπόλλω
2413 4007 2544 4059 apo·

296 4098 417 4150 cop.
456 4107 525 4120 --
560 4097 595 4134 v
629 4082 785 4133 eximi
810 4087 1004 4149 potest,
1052 4082 1147 4134 sed
1182 4098 1290 4133 non
1324 4102 1374 4153 ρ.
1378 4080 1409 4107 “
1479 4082 1562 4134 De
1595 4098 1759 4134 accus.
1803 4099 1863 4135 m
1897 4099 1971 4134 αν
2007 4079 2164 4133 adn..-
2221 4080 2437 4158 „Herm
2475 4079 2544 4132 ad

298 4159 479 4220 Prom.
515 4165 675 4221 4285‘
2556 4213 2559 4218 .

395 4251 527 4307 ·**)
562 4250 725 4305 Adna
778 4247 961 4316 „Etxai
995 4268 1103 4304 non
1135 4255 1349 4320 reperiri
1383 4254 1566 4317 Thea,
1622 4254 1715 4306 sed
1749 4253 1973 4305 fortasse
2006 4258 2067 4304 ut
2101 4247 2130 4304 ὁ
2165 4248 2384 4318 μείζω.“
2486 4248 2545 4303 V.

292 4336 842 4406 ψαμῦὸἳαῶη.
885 4365 952 4375 -
1019 4339 1920 4408 Damasiapooopeooniaemoeap.
1956 4334 2077 4390 310.

407 4420 638 4472 lanbach,
663 4422 832 4466 Pathol.
861 4421 918 4463 11.
2141 4402 2237 4470 20
