2946 4928
474 351 590 417 DE
639 349 1125 444 SYNAERESI,
1170 347 1575 421 DIAERESI
1618 361 1734 422 etc.
1804 357 1872 423 P.
1895 357 1978 423 ΙΙ.
2026 359 2075 423 Ο
2098 358 2181 424 H.
2227 360 2281 445 ξ.
2307 359 2365 425 6.
2439 358 2560 425 117

314 511 536 599 ἰχθῦς,
584 518 733 599 μῦς,
780 518 1067 608 ῥῦσθαι,
1132 535 1323 600 quem
1390 520 1677 600 sequitur
1727 520 2037 587 Arcadius
2088 519 2226 610 196,
2280 523 2356 589 17
2427 526 2564 590 πᾶν

315 617 615 707 δίχρονον
661 619 732 686 ἐκ
777 617 1072 705 κράσεως
1116 616 1191 686 ὂν
1236 620 1624 689 ἑκτείνεταιε
1673 620 1736 690 οἳ
1780 625 1984 705 νέκυς,
2031 621 2093 691 οἳ
2136 620 2400 712 βότρυς,
2449 628 2561 714 ῥῦ-

316 729 501 789 σθαι.
573 722 776 789 ‘Nunc
818 724 898 789 de
944 724 1207 805 singulis
1252 723 1543 807 referam,
1577 745 1739 808 quae
1783 729 1992 809 prisca
2016 727 2230 794 schola
2275 728 2559 810 tradidit,

325 843 399 891 ac
435 827 709 907 primum
755 827 834 892 de
878 827 1107 892 verbis,
1195 827 1571 893 Plutarchus
1618 828 1696 893 de
1740 829 1919 894 Poes,
1966 830 2147 896 Hom.
2195 849 2244 896 c.
2276 832 2403 896 XII
2433 830 2559 897 487

320 929 390 995 Τ.
431 929 558 994 XII
601 924 881 1007 ἄττικῶς
947 925 1208 1018 εἴρηται
1274 929 1350 995 τὸ
1420 929 1763 1017 ῥήγνυσι
1831 931 2148 1015 ῥέοντες
2200 933 2274 1002 Π.
2317 934 2370 997 Ρ
2417 933 2561 1015 751,

327 1029 633 1117 ζεύγνυσι,
705 1024 939 1114 ἷίμνυσι
1008 1032 1135 1116 (his
1180 1032 1588 1116 accentibus).
1720 1034 1904 1100 Hanc
1945 1035 2346 1101 Herodianus
2393 1036 2563 1117 apud

324 1133 624 1201 Choerob.
669 1134 820 1200 Can.
866 1134 986 1200 861
1061 1138 1298 1223 κυρίως
1365 1137 1692 1223 διαίρεσιν
1747 1139 2054 1220 appellat,
2122 1158 2285 1220 quae
2354 1140 2563 1220 specie

313 1239 499 1304 modo
544 1258 686 1305 cum
728 1239 1083 1305 accusativo
1130 1235 1321 1320 ἰχθῦς
1367 1241 1655 1321 congruit
1698 1244 1766 1305 et
1805 1245 2143 1322 propterea
2189 1236 2226 1327 ἡ
2277 1244 2560 1308 δοκοῦσα

214 1365 221 1374 ·
317 1337 697 1428 συναίρεσις
740 1341 983 1407 dicitur.
1070 1341 1395 1406 Naturalis
1441 1342 1697 1423 quidem
1738 1344 2100 1409 terminatio
2134 1349 2234 1409 est
2256 1340 2561 1433 ῥήγνυνσι

312 1448 387 1508 ut
417 1440 697 1520 δι’δυνσι,
748 1445 862 1510 sed
905 1445 1055 1526 quia
1096 1444 1179 1514 33
1233 1446 1592 1528 asymploca
1637 1448 1800 1523 sunt,
1845 1444 2065 1511 Dores-
2096 1448 2297 1529 sigma
2340 1448 2406 1513 in
2450 1453 2563 1513 tau

311 1550 582 1627 mutant,
629 1548 822 1613 ceteri
864 1565 947 1630 ny
990 1548 1057 1612 in
1101 1546 1307 1628 alpha.
1405 1548 1496 1613 Et
1539 1548 1807 1614 duorum
1871 1548 2207 1615 verborum
2253 1547 2484 1635 εἷλὺομ
2492 1577 2564 1618 αι

312 1655 379 1717 et
425 1648 701 1738 ἕρύομαι
767 1655 1056 1733 tempora
1120 1650 1486 1732 praeterita,
1552 1669 1715 1733 quae
1778 1668 2116 1716 consonam
2180 1652 2355 1722 illam
2413 1658 2561 1718 ante

314 1754 826 1820 terminationem
868 1757 972 1824 ἶῖιῑ
1020 1758 1085 1819 et
1126 1755 1194 1826 Ξῖ
1241 1753 1507 1835 habent,
1577 1772 1718 1819 eam
1767 1752 1868 1817 vel
1913 1752 2214 1818 abiiciunt
2255 1756 2357 1819 vel
2399 1756 2466 1820 in
2514 1757 2564 1823 ’ἆ

162 1850 203 1880 “
312 1857 508 1923 breve
553 1861 953 1922 convertunt:
981 1852 1294 1934 ει’,λυνται
1344 1853 1620 1937 εἴλυται,
1668 1852 1989 1933 εἰλύαται,
2037 1857 2104 1920 in
2148 1856 2374 1939 quibus
2418 1857 2565 1922 libri

312 1959 548 2042 ubique
617 1960 993 2049 discrepant.
1045 1996 1116 2006 —
1167 1959 1333 2025 Hinc
1400 1978 1607 2025 sermo
1674 1959 1960 2042 procedit
2028 1959 2110 2023 ad
2166 1959 2565 2026 substantiva

312 2063 378 2128 in
420 2100 486 2141 υς
506 2065 630 2143 υΤς,
676 2079 943 2143 quorum
985 2079 1063 2126 ex
1106 2081 1334 2145 magno
1379 2063 1628 2128 cumulo
1650 2063 1966 2129 Homerus
1997 2062 2259 2145 triginta
2289 2069 2562 2147 quatuor
2663 2089 2670 2094 ·

313 2166 657 2248 decerpsit,
730 2169 919 2247 atque
986 2164 1211 2231 horum
1277 2167 1667 2265 accusativos
1730 2167 2010 2249 plurales
2063 2167 2277 2248 posuit
2328 2167 2564 2248 partim
2656 2161 2706 2244 ’,

311 2270 609 2352 integrOS,
674 2268 906 2350 partim
952 2271 1296 2349 corruptoS,
1341 2286 1467 2332 non
1514 2268 1716 2334 solum
1760 2269 1869 2334 ubi
1913 2273 2188 2335 metrum
2239 2270 2443 2352 poscit
2485 2275 2559 2335 ut

316 2376 432 2451 σῦς
473 2372 594 2455 μὲν
641 2369 912 2459 ἔθηκας,
963 2378 1261 2462 γραπτῦς
1306 2366 1615 2446 ἀλεείνων
1659 2376 1724 2437 et
1768 2372 1991 2438 eadem
2031 2373 2277 2438 ratione
2322 2373 2508 2439 κλιτί
2512 2397 2563 2452 ς,

317 2471 550 2564 ὀφρῦς,
573 2472 876 2561 Ἐριννῦς,
923 2476 1051 2563 sed⁴
1081 2475 1272 2541 etiam
1316 2474 1425 2539 ubi
1469 2493 1595 2540 non
1637 2477 1908 2559 respuit:
1957 2473 2150 2558 ἰχθῦς
2196 2472 2558 2566 ἀγρώσσων

313 2582 380 2645 in
423 2580 625 2662 primo
660 2579 840 2661 pede,
887 2578 1090 2662 γένυς,
1122 2580 1297 2667 δρῦς,
1334 2597 1497 2660 quae
1522 2577 1925 2645 Thierschius
1968 2579 2208 2645 indicat
2230 2581 2283 2665 g.
2313 2579 2453 2646 191.
2479 2580 2563 2646 26

313 2682 478 2750 forte
522 2682 753 2748 oblitus
797 2682 1088 2764 bisyllabi
1133 2679 1201 2748 ἐκ
1250 2682 1324 2749 δὲ
1369 2681 1556 2760 νέκυς
1600 2678 1798 2749 οἷ’κων
1843 2678 2111 2769 φόρεον,
2157 2682 2326 2763 quod
2371 2682 2560 2748 schol.

317 2785 531 2852 XXIV
575 2783 699 2850 665
747 2801 888 2850 cum
933 2784 1213 2866 optativo
1260 2780 1577 2850 δαινύατο
1626 2787 1894 2852 δαινῦτο
1940 2785 2270 2866 componit.
2360 2785 2562 2851 Zeno·-

320 2890 468 2955 doto
510 2887 673 2953 11.11
695 2887 736 2954 4
782 2888 996 2963 πολῦς
1040 2886 1340 2952 scribenti
1383 2905 1499 2968 pro
1547 2888 1776 2964 πολεῖς
1797 2886 2190 2954 Aristonicus
2233 2888 2565 2971 respondit

315 2990 488 3076 μόνα
530 2989 611 3057 τὰ
657 2986 750 3069 εἰς
801 2991 887 3066 ’ὖῖ
931 2994 1252 3078 μονογενῆ
1320 2985 1597 3056 δύναται
1655 2988 1842 3077 παρὰ
1893 2990 2010 3076 τὴν
2055 2988 2319 3058 ἔκτασιν
2364 2987 2409 3080 ἢ
2452 3015 2561 3058 συ·

317 3092 555 3162 στολὶν
601 3087 783 3160 ἑνικὰ
828 3091 942 3159 καὶ
986 3092 1403 3180 πληθυντικὰ
1469 3089 1779 3178 γίνεσθαι
1828 3083 1973 3159 οἷον
2013 3091 2257 3181 βότρυς
2298 3090 2561 3180 βότρυς·

315 3198 613 3264 nimirum
678 3196 829 3278 quia
891 3196 1202 3262 adiectiva
1264 3210 1392 3261 non
1455 3213 1571 3277 per
1612 3198 1733 3272 ὐ-οξ
1792 3196 2214 3278 declinantur,
2283 3198 2398 3262 sed
2438 3200 2561 3274 ῖῖῖ.

318 3299 483 3385 [Vol.
527 3300 562 3364 I
603 3319 663 3382 p.
709 3297 883 3383 233}
970 3296 1193 3380 Neque
1213 3356 1221 3364 .
1239 3298 1555 3364 neutralia
1597 3297 1663 3362 in
1703 3299 1749 3368 3
1774 3299 1882 3375 351}
1921 3299 2086 3363 crasi
2130 3302 2281 3379 apta
2323 3298 2561 3363 haben-

317 3409 451 3485 tur3
514 3399 765 3490 δάκρυα
810 3400 1190 3483 bisyllabum
1236 3402 1404 3484 apud
1446 3400 1794 3467 Pindarum
1836 3399 1985 3465 olim
2031 3400 2302 3483 synizesi
2347 3399 2562 3465 defen-

318 3507 604 3587 debatur,
648 3521 815 3570 nunc
859 3499 1067 3590 δάκρη
1114 3505 1528 3572 substitutum
1595 3508 1697 3569 est
1739 3522 1816 3568 ex
1862 3500 2110 3589 δάκρεα
2153 3507 2561 3584 contractum,

316 3631 374 3678 v.
418 3608 868 3676 Schneidewin.
936 3607 1018 3672 ad
1075 3605 1233 3673 Scol.
1277 3608 1311 3673 I
1354 3609 1414 3673 2.
1502 3607 1686 3673 Illam
1728 3602 2035 3672 'nonnulli
2100 3606 2564 3673 transtulerunt

319 3714 402 3783 ad
442 3711 847 3779 Homericum
887 3705 1198 3797 Ἐνυαλίῳ
1231 3705 1666 3799 ἀνδρειφόντῃ
1712 3715 1824 3775 aut
1864 3711 1944 3780 ἴα·
1983 3709 2232 3774 vocales
2273 3709 2340 3773 in
2369 3726 2563 3774 unam

319 3817 628 3901 syllabam
673 3819 922 3880 coactas
945 3814 1089 3895 rati,
1124 3817 1237 3878 aut
1265 3816 1366 3900 ἦ,
1411 3815 1698 3896 plerique
1720 3813 2001 3880 vocalem
2024 3812 2252 3893 prioris
2273 3812 2564 3878 vocabuli

317 3920 606 3986 ultimam
651 3935 794 3983 cum
837 3916 1043 3998 prima
1087 3915 1348 3982 alterius
1396 3917 1954 3983 consarcinandam
1973 3919 2217 3997 putant.
2309 3912 2436 3980 Sed
2480 3915 2559 3980 de

320 4022 733 4088 substantivis
778 4019 843 4084 in
887 4023 948 4096 ῦξ
992 4018 1198 4084 adhuc
1241 4019 1601 4086 addendum
1623 4024 1739 4099 est,
1789 4036 2140 4084 sermonem
2165 4035 2559 4083 communem

316 4125 382 4191 in
422 4125 790 4192 universum
853 4140 1056 4204 pauca
1122 4122 1205 4188 ad
1249 4140 1319 4187 se
1361 4123 1677 4205 recepisse
1721 4122 1955 4203 partim
1999 4122 2284 4187 derivata
2325 4119 2557 4200 partim

313 4228 649 4310 primitiva.
735 4225 857 4292 ma
899 4229 1189 4292 constant
1211 4244 1247 4291 e
1292 4225 1442 4291 solis
1471 4224 2002 4291 numerabilibus:
2053 4218 2292 4305 τριτὺς,
2319 4245 2554 4305 τετρα-

319 4326 487 4412 κτύς,
525 4328 984 4420 πεντηκοστύς,
1016 4324 1396 4413 ἓκατοστῦς,
1445 4331 1648 4397 altero
1692 4346 1921 4414 genere
1967 4326 2363 4394 continentur
2408 4321 2555 4388 sub-
