2946 4928
445 280 571 401 i1o
1197 310 1756 402 mssER‘rA'rlo
1821 337 1931 405 vr

439 494 811 579 uagam,
860 498 1240 583 ζευγνῦσι
1287 492 1743 585 ζευγνύασι·
1792 524 1884 578 ως
1924 499 2050 586 γὰρ
2094 498 2162 566 ἒν
2207 503 2355 599 ταῖς
2398 495 2684 567 αιτιατι·

439 604 586 679 nats
629 600 701 666 τὸ
757 635 784 671 ε
837 599 947 666 καὶ
993 636 1028 670 α
1082 597 1175 679 εἷς
1220 599 1337 687 τὴν
1381 637 1427 672 ει
1374 599 1830 689 -δίφθογγον
1875 608 2280 690 συναιρεῖται
2323 603 2433 669 καὶ
2477 603 2545 670 ἐν
2587 601 2714 691 τοῖ’

441 699 744 785 ἶχθυας
788 699 1019 786 ἰχθῦς
1071 703 1146 770 τὸ
1195 704 1266 774 v}
1300 704 1410 771 καὶ
1458 704 1526 771 ἐν
1570 712 1663 793 τῷ
1703 701 1908 790 βόας
1948 710 2137 788 βοῦς
2181 710 2266 771 τὸ
2315 743 2421 786 oa,
2470 702 2682 783 ουτως

440 805 511 875 ἐν
553 809 646 894 τῷ
692 810 1002 874 τιθεῖσι
1047 808 1381 876 τιθέασι
1425 803 1467 896 ἡ
1517 845 1564 880 ει
1637 805 1730 886 εἷς
1773 808 1848 873 τὸ
1897 844 1923 879 ε
1985 809 2095 875 καί
2145 845 2180 878 α
2237 808 2524 897 διῃρέθη
2571 810 2681 874 καὶ

442 907 510 976 ἑν
553 912 647 996 τῷ
715 911 1043 977 διδοῦσι
1118 907 1444 978 διδόασι
1488 908 1529 995 ἦ
1596 948 1660 982 ου
1746 907 1839 988 εἰς
1883 911 1957 976 τὸ
1998 914 2068 982 ’ἶ
2116 911 2230 977 καὶ
2277 911 2346 982 ἶ.
2437 911 2533 977 De
2577 929 2682 977 ac·

442 1012 744 1078 cusativis
786 1018 1103 1104 repugnat
1145 1013 1631 1095 homophoniam
1673 1013 2043 1079 nominativi
2087 1019 2385 1080 causatus
2432 1040 2500 1081 αι
2527 1012 2687 1095 βόες

438 1112 562 1192 τὰς
582 1118 742 1198 βοῦς
765 1119 881 1180 etc.
970 1114 1067 1179 De
1110 1113 1320 1181 verbis
1351 1118 1612 1197 apponit
1632 1116 1948 1196 Apollonii
1977 1118 2374 1196 sententiam,
2417 1118 2683 1199 integris

386 1279 398 1291 ‚
442 1217 633 1299 alpha
673 1219 983 1284 insertum
1028 1217 1339 1301 simulque
1381 1218 1795 1300 penultimam
1838 1222 2192 1299 correptam
2224 1236 2394 1284 esse.
2432 1223 2681 1286 τιθεῖσι

440 1318 749 1398 τιθέασι,
817 1321 1078 1387 διδοῦσι
1147 1317 1448 1403 διδόασι,·
1518 1322 1883 1404 synaeresin
1946 1321 2153 1386 reiicit
2216 1339 2319 1401 eo,
2387 1323 2556 1403 quod
2600 1357 2665 1393 ea

440 1438 567 1486 non
609 1421 677 1487 in
721 1422 775 1492 ὲῖ
827 1423 1253 1505 contrahatur,
1301 1425 1415 1490 sed
1454 1426 1522 1490 in
1565 1428 1632 1510 ἧζ
1675 1429 1743 1494 δα
1785 1442 1911 1488 non
1954 1424 2020 1488 in
2062 1427 2165 1504 δῖ,
2212 1424 2328 1489 sed
2371 1427 2433 1503 ὦ,
2476 1442 2681 1506 neque
2739 1488 2754 1493 ⁴

413 1525 647 1606 .magis
689 1524 922 1606 probat
964 1525 1249 1609 dialysin,
1298 1524 1399 1593 ὅτι
1447 1527 1530 1593 τὰ
1578 1523 2011 1614 διαιρούμενα
2058 1523 2151 1603 εἷς
2182 1527 2263 1593 τὰ
2311 1524 2478 1592 αὐτὰ
2504 1530 2675 1593 διαι-

440 1630 736 1712 ροῦνται,
805 1625 879 1708 ἐξ
943 1617 1034 1694 ὧν
1101 1630 1211 1695 καὶ
1279 1627 1699 1697 συνίστανται
1765 1629 1941 1696 velut
1983 1627 2201 1716 Ξέρξη
2274 1629 2341 1693 in
2403 1628 2686 1694 Ionicum

418 1726 693 1814 -Ξέρξεα
740 1730 1035 1815 (Bredov.
1082 1731 1256 1815 228),
1323 1734 1473 1815 quia
1516 1737 1622 1798 eta
1664 1733 1927 1814 pluralis
1970 1734 2122 1820 βέλη
2167 1737 2559 1798 contractum
2599 1732 2687 1797 sit

341 1859 359 1871 -
441 1849 519 1896 ex
561 1834 777 1913 βέλεα.
865 1833 985 1898 His
1028 1834 1210 1899 nodis
1254 1833 1437 1901 facile
1484 1836 1864 1901 exsolvimur
1905 1840 2162 1918 recepta
2206 1836 2523 1917 opinione,
2568 1853 2683 1916 pro

444 1936 493 2004 ἶ
541 1940 802 2016 propter
867 1935 1448 2017 inconsequentiam
1512 1939 1841 2004 literarum
1908 1940 1947 2010 ἶ
1971 1941 2013 2010 ὃ
2065 1938 2478 2004 substitutum
2543 1955 2683 2003 esse

442 2037 659 2118 alpha:
707 2029 1345 2115 τίθενσι-τιθέασι,
1395 2038 2039 2128 δίδωσι-διδόασι..
2072 2045 2256 2106 aucto
2302 2039 2684 2123 Syllabarum

440 2158 704 2205 numero
733 2144 989 2221 praeter
1025 2136 1188 2218 ἶᾶοι,
1235 2161 1358 2224 quo
1382 2160 1722 2208 concursus
1751 2144 1946 2210 trium
1966 2144 2273 2210 vocalium
2295 2143 2683 2225 prohibetur.

443 2241 886 2326 Diphthongus
946 2244 1010 2315 ἐἶ’
1059 2244 1126 2308 in
1190 2249 1445 2310 τιθεῖσι
1512 2244 1736 2311 eadem
1801 2252 1984 2329 trope
2027 2251 2207 2326 nata,
2274 2265 2401 2327 qua
2457 2246 2524 2310 in
2569 2237 2684 2323 εἷς,

443 2343 683 2429 τιθείς,
733 2341 933 2424 ὁδούς
975 2352 1092 2413 ete.
1141 2346 1224 2431 [v.
1268 2366 1327 2429 p.
1373 2345 1456 2413 86
1504 2352 1570 2413 et
1611 2367 1671 2430 P.
1721 2348 1888 2435 112].

617 2481 833 2548 Tertia
877 2486 1074 2551 erasis
1119 2486 1360 2567 species
1404 2504 1521 2567 per
1565 2505 1781 2552 omnes
1815 2506 1998 2552 casus
2023 2486 2329 2552 adstricta
2353 2489 2452 2550 est
2475 2485 2682 2549 adiec-

441 2584 589 2650 tivis
632 2586 1154 2669 multiplicativi&
1214 2583 1463 2668 ἆπλᾶ,
1515 2592 1797 2665 διπλᾶ,
1847 2592 2157 2675 τριπλᾶ
2202 2588 2311 2654 καὶ
2356 2587 2434 2652 τὰ
2481 2585 2721 2670 ὅμοια·

445 2693 881 2778 περισπῶσιν,
927 2685 1300 2756 ὑποπίπτει
1372 2689 1494 2778 γὰρ
1562 2695 1641 2780 τῇ
1710 2687 1938 2779 ι’ωνικῇ
2009 2693 2333 2779 διαιρέσει
2380 2681 2522 2757 οἷον
2571 2693 2681 2756 δι-

446 2785 660 2858 πλόα
707 2791 816 2858 καὶ
862 2791 945 2857 τὰ
992 2789 1196 2875 ὅμοια
1240 2791 1469 2876 Phryn.
1516 2793 1677 2875 App.
1723 2794 1824 2859 25.
1877 2792 1973 2874 11,
2022 2792 2323 2859 Choerob.
2356 2792 2506 2858 Can.
2539 2789 2681 2857 245.

447 2891 754 2977 Syntheta
795 2913 946 2960 vero
991 2900 1246 2961 servant
1297 2899 1364 2967 ἵε
1412 2895 1767 2982 τυμβοχόα,
1820 2894 2151 2982 πολύχροα
2199 2902 2316 2962 etc.

617 3030 699 3096 H.
784 3034 852 3101 δ’
900 3050 1042 3097 cum
1108 3033 1386 3099 secunda
1429 3034 1737 3100 vocalium
1784 3034 2175 3100 contrahitur
2218 3034 2284 3098 in
2326 3031 2684 3098 nominibus

441 3136 687 3217 paucis:
735 3129 1008 3211 σπάνιός
1054 3133 1229 3201 ἐστιν
1273 3130 1313 3220 ἡ
1358 3137 1590 3223 χρῆσις
1633 3141 1751 3223 τῆς
1793 3141 1991 3220 βοῦς
2036 3131 2310 3215 εὐθείας
2353 3143 2479 3201 τῶν
2515 3141 2680 3225 πλη-

362 3272 367 3276 >
443 3240 790 3305 θυντικῶν·
835 3238 1092 3319 μᾶλλον
1138 3238 1229 3305 δὲ·
1259 3234 1336 3303 αἱ
1379 3237 1568 3318 βόες
1613 3237 1915 3304 Choerob.
1963 3237 2113 3303 Can.
2159 3235 2303 3304 242.
2354 3239 2449 3305 13.
2519 3238 2688 3313 Tho-.

443 3359 580 3405 mas
612 3339 1102 3422 Aristophanem
1144 3340 1573 3422 monosyllabo
1617 3359 1804 3405 usum
1848 3358 1990 3404 esse
2015 3344 2307 3421 testatur,
2341 3341 2453 3406 sed
2488 3341 2686 3406 semel

441 3447 692 3508 tantum
736 3447 802 3508 et
843 3441 909 3506 id
953 3442 1141 3506 metri
1185 3448 1437 3523 coactu;
1483 3444 1549 3508 in
1592 3443 1874 3525 reliquiis
1921 3444 2056 3508 eius
2100 3462 2224 3507 non
2267 3443 2503 3524 reperi,
2573 3443 2685 3508 sed

443 3543 807 3626 frequenter
876 3541 942 3610 αἱ
986 3541 1143 3626 βόες
1207 3550 1279 3611 ut
1316 3541 1489 3627 χόες.
1625 3546 1926 3611 Dativum
1968 3544 2283 3615 Homerus
2351 3545 2686 3626 dupliciter

442 3639 625 3729 fingit
650 3643 881 3730 βόεσσι
931 3650 997 3710 et
1024 3645 1243 3727 βουσί,
1289 3647 1457 3727 quod
1504 3648 1705 3712 solum
1752 3641 2024 3712 sermoni
2069 3648 2273 3713 soluto
2318 3663 2720 3714 concessum·

445 3755 560 3815 est.
598 3787 668 3797 -
719 3749 843 3815 Pro
885 3748 1166 3831 legitimo
1212 3741 1391 3815 εὖνοι
1437 3748 1721 3814 Philemo
1764 3749 1974 3831 Frgm.
2022 3749 2090 3815 T.
2114 3749 2205 3814 IV
2230 3746 2311 3814 65
2356 3751 2684 3832 usurpavit

447 3843 670 3931 εὔνους
711 3851 877 3919 κατὰ
933 3854 1194 3940 κρᾶσιν,
1262 3857 1337 3917 ut
1400 3851 1466 3918 in
1530 3851 1675 3920 EM.
1721 3851 1969 3917 dicitur.
2019 3889 2089 3899 —
2140 3852 2494 3917 Verborum
2539 3870 2682 3918 con—

443 3959 792 4032 tractorum
837 3955 1009 4020 tertii
1054 3954 1312 4024 ordinis,
1337 3955 1526 4021 litera
1568 3954 2083 4020 characteristica
2127 3972 2270 4018 cum
2314 3956 2512 4037 epsilo
2537 3973 2683 4020 con-

442 4051 659 4122 flatur:
703 4060 1038 4144 χρυοοῦτε,
1087 4054 1412 4144 ἕχρόσους.
1481 4043 1486 4047 ’
1530 4057 1992 4139 Barytonorum
2046 4055 2250 4121 minor
2294 4058 2682 4137 constantia;

445 4158 596 4227 ἔλοε
638 4160 953 4241 Homerus
1000 4160 1172 4239 dixit,
1220 4161 1320 4225 cui
1345 4158 1635 4225 convenit
1656 4159 2064 4241 imperativus
2093 4154 2215 4238 ζόε,
2260 4178 2316 4224 v.
2334 4158 2554 4224 Rhem.
2580 4160 2682 4239 21,

442 4264 558 4328 sed
601 4257 855 4330 ἀπέλου
898 4261 1354 4342 Aristophanes
1398 4262 1589 4370 Yesp.
1641 4261 1781 4327 118.
1871 4261 1929 4325 A
1974 4257 2107 4326 λόω
2163 4260 2541 4341 productum
2585 4265 2684 4325 est
2788 4253 2801 4268 ⁸
