2946 4928
420 340 546 411 170
1171 340 1740 414 DISSEBTATIO
1783 342 1927 413 VH.

417 502 594 583 Quae
638 510 853 574 autem
894 506 1050 574 mihi
1091 508 1378 592 eognitae
1420 514 1600 591 sunt,
1645 527 1863 576 omnes
1906 513 2054 577 ante
2098 507 2380 577 vocalem
2423 525 2509 591 ny
2552 525 2671 577 ex·.

415 607 672 676 hibentz.
739 608 1103 699 προΐαψεν,
1152 612 1522 695 μετέειπεν,
1590 611 1883 691 ἔπεσσιν,
1951 615 2252 697 βέλεσσιν
2317 616 2454 692 ete„
2520 615 2664 677 ante

418 731 756 780 consonam
775 733 926 782 vero
971 717 1286 798 omittunt,
1333 718 1465 784 sive
1489 718 1890 802 interpuncta
1931 723 2033 783 est
2076 716 2296 796 oratio,
2342 717 2476 782 sive
2519 734 2661 781 con-

308 875 312 879 .
417 818 613 898 tinua‚
661 824 736 883 ut
776 819 842 884 in
883 820 1243 901 quindecim
1285 821 1432 886 libri
1469 821 1690 888 Iliadis
1734 821 1922 904 primi
1941 821 2249 901 versibuS‚
2295 836 2454 902 quos
2501 816 2661 884 diffi-
2700 886 2707 896 ,

419 921 702 1015 dentium
745 941 937 989 causa
983 942 1323 1006 apponam:
1370 923 1591 992 ἔτελλε
1635 924 1739 1006 25,
1787 924 1932 1011 326,
1978 922 2121 1005 379,
2170 920 2472 1009 ἑτάροισι
2524 920 2659 1002 183,

421 1023 827 1117 πραπίδεσσι
871 1023 1001 1092 608
1042 1032 1108 1094 et
1153 1028 1280 1093 alia
1322 1027 1519 1094 verba
1539 1029 1916 1110 nominaque
1959 1047 2016 1094 V.
2039 1025 2481 1108 48,105,119,
2516 1027 2660 1110 220,
2758 1086 2761 1087 f
2844 1022 2849 1033 ’
2920 1076 2921 1099 ,

418 1126 563 1209 236,
610 1126 755 1210 361,
801 1127 946 1209 388,
991 1126 1138 1210 412,
1182 1130 1327 1211 475,
1373 1129 1520 1197 488.
1610 1131 1820 1209 Quare
1841 1132 2006 1196 hanc
2031 1131 2410 1213 scripturam
2451 1131 2518 1195 in
2546 1150 2655 1213 po-

420 1236 664 1297 sterum
705 1232 1085 1298 tralaticiam
1129 1234 1382 1316 vocabo,
1428 1235 1716 1315 alteram,
1760 1253 1925 1317 quae
1969 1252 2111 1299 cum
2143 1231 2370 1299 Wolfio
2412 1234 2658 1315 invasit,

421 1340 787 1400 assumtam.
896 1335 1063 1402 Huic
1126 1337 1284 1403 nihil
1327 1338 1619 1403 convenit
1658 1342 1915 1420 praeter
1968 1336 2138 1419 quod
2178 1335 2513 1403 Ernestius
2581 1337 2659 1403 ad

420 1440 767 1505 secundum
787 1458 1042 1506 versum
1067 1434 1245 1524 ἄλγε’
1269 1439 1499 1531 ἔθηκε,
1549 1438 1805 1519 minag
1829 1435 1887 1507 δ’
1919 1478 1992 1488 -
2020 1440 2363 1520 adnotavit,
2387 1440 2453 1505 in
2474 1440 2657 1520 Flor.‚

419 1542 580 1623 Ald.,
625 1543 790 1608 Iunt.
838 1546 1044 1630 θῆκεν
1088 1544 1393 1626 scriptum
1435 1560 1609 1624 esse,
1656 1549 1847 1626 atque
1892 1543 1983 1608 sic
2027 1542 2220 1608 etiam
2262 1542 2329 1607 in
2372 1543 2655 1624 Apollon.

417 1643 626 1712 Lexic.
671 1665 721 1712 s.
764 1647 823 1711 h.
868 1666 925 1712 V.
972 1652 1046 1713 et·
1081 1647 1226 1713 EM.
1271 1647 1416 1714 319.
1462 1646 1541 1713 31
1591 1648 1823 1731 legitur
1844 1644 2115 1712 fortasse
2160 1646 2427 1727 stigmae
2449 1663 2656 1727 causa,

420 1767 781 1832 quanquam
824 1751 1188 1817 terminatio
1229 1770 1393 1833 pura
1435 1756 1584 1817 ante
1628 1751 1963 1823 incisiones
2015 1749 2384 1831 plerumque
2446 1755 2660 1816 manet

417 1851 797 1934 incorrupta,
842 1858 916 1918 ut
957 1855 1024 1918 in
1067 1855 1288 1920 eodem
1332 1854 1494 1921 libro
1539 1853 1736 1921 ἔοικε·
1782 1848 2088 1919 λεύσσετε
2133 1851 2255 1939 γὰρ
2306 1890 2377 1900 -
2429 1858 2497 1919 et
2539 1854 2617 1920 al.

567 1955 644 2020 In
666 1955 1085 2023 Hesiodeis
1109 1975 1382 2023 consona
1404 1957 1638 2039 ubique
1670 1958 2074 2039 anteponitur
2093 1956 2444 2023 vocalibus:
2488 1948 2656 2046 ᾗσιν,

420 2051 859 2146 ἀλφηστῇσιν,
908 2057 1190 2146 διάησιν,
1240 2060 1508 2145 ἔμελλεν
1551 2065 1689 2141 εἴα,
1734 2060 1968 2144 alioqui
2012 2061 2224 2126 abest:
2283 2065 2458 2148 σῇσι,
2530 2083 2655 2147 φη·

427 2158 687 2249 λήτῃσι,
748 2159 982 2229 δίδωσι
1058 2168 1126 2230 et
1190 2183 1354 2247 quae
1421 2170 1571 2230 sunt
1634 2182 1867 2247 genere
1943 2162 2023 2228 de
2091 2161 2313 2228 eodem
2337 2162 2408 2245 ²).
2540 2160 2658 2227 His

420 2265 806 2330 eontrarium
851 2262 1105 2332 ἅπασιν
1132 2265 1168 2353 Η
1195 2267 1600 2346 δυσκέλαδος
1644 2266 1803 2351 Opp.
1852 2266 1973 2332 195
2018 2266 2393 2348 propagavit
2436 2263 2658 2331 Goett-
2772 2342 2783 2349 ⁴

419 2366 652 2449 lingius
718 2386 862 2435 cum
906 2369 1241 2436 similibus:
1308 2366 1607 2460 κάλυψεν
1658 2370 1797 2451 121,
1871 2370 2181 2452 μέλεσσιν
2250 2367 2401 2449 149,
2470 2365 2658 2456 δίκῃ-

421 2495 526 2539 σιν
548 2471 694 2552 219,
742 2464 977 2562 ἷίτῃσιν
1000 2473 1142 2555 352,
1191 2473 1452 2557 ἔχουσιν
1497 2475 1642 2556 257,
1689 2492 1955 2557 quorum
1975 2473 2277 2538 nonnulla
2296 2473 2660 2554 interpunc-

420 2575 590 2640 tione
604 2577 887 2642 excusari
907 2582 1190 2659 possunt,
1212 2578 1516 2660 pleraque
1532 2583 1744 2644 autem
1755 2577 2075 2642 Loesnero
2087 2581 2254 2642 teste
2264 2576 2662 2644 incodicibus

418 2682 486 2744 et
525 2677 907 2744 editionibus
952 2681 1087 2746 sine
1131 2684 1183 2752 ’ὖ
1234 2681 1613 2763 scribuntur,
1647 2682 1909 2764 ipseque
1932 2680 2091 2746 adeo
2132 2681 2199 2746 in
2240 2679 2662 2764 descriptione

419 2782 651 2849 codicis
674 2783 967 2850 Vaticani
1009 2783 1205 2865 praef.
1227 2784 1498 2858 LXXIV
1537 2784 1706 2850 hunc
1753 2784 2065 2870 καᾷὲεσκε
2094 2783 2129 2870 ΙΙ
2158 2786 2407 2859 παῖδας
2430 2781 2659 2863 Theog.

418 2884 544 2949 207
589 2889 656 2950 et
699 2884 912 2952 ἔτικτε
940 2883 976 2972 Η
1002 2882 1311 2973 δεύτερον
1355 2886 1437 2952 47
1505 2887 1813 2969 praebere
1877 2888 2090 2969 docet,
2156 2905 2425 2970 quorum
2484 2886 2661 2967 prius
2732 2937 2749 2958 --

418 2985 583 3051 lunt.
628 2988 897 3069 recepit,
944 2988 1217 3055 alterum
1259 2990 1604 3055 Mediceus
1695 2988 1822 3055 Sed
1887 2990 2247 3056 necessario
2303 2988 2664 3055 addendum

377 3103 382 3112 ·
419 3092 520 3153 est
549 3088 901 3156 hiantibus:
949 3089 1236 3181 δίκῃσιΙΙ
1261 3088 1578 3180 ἀλλήλους
1599 3092 1759 3175 Opp.
1782 3093 1927 3175 250,
1973 3094 2073 3159 cui
2102 3094 2462 3174 Lennepius
2505 3110 2544 3159 e
2587 3092 2661 3159 li·

417 3190 552 3257 bris
595 3193 1022 3274 compluribus
1044 3194 1374 3261 substituit
1418 3194 1676 3283 ὁίκῃσιν
1719 3196 1940 3262 relicto
1965 3197 2155 3262 simili
2184 3195 2308 3261 213
2335 3189 2576 3283 ὄφελλε
2603 3196 2639 3282 Η

418 3289 627 3382 ὕβρις.
712 3296 892 3365 Haec
936 3299 992 3364 si
1036 3300 1118 3365 ad
1162 3300 1434 3366 calculos
1451 3315 1845 3365 -revoeamus
1914 3300 2226 3383 exempla,
2293 3298 2498 3364 facilis
2564 3303 2666 3387 est

418 3388 778 3483 conclusio,-
817 3402 1395 3485 bibliographorum
1437 3408 1695 3485 partem⁴
1731 3403 2033 3469 maiorem
2096 3403 2532 3484 potioremque
2597 3404 2664 3468 in

416 3502 704 3568 versibus
750 3506 1191 3571 connectendis
1214 3506 1484 3572 eundem
1507 3519 1748 3572 morem
1767 3508 2069 3587 tenuisse,
2113 3506 2223 3587 qui
2264 3506 2331 3569 in
2374 3524 2664 3571 sermone

419 3604 624 3670 soluto
648 3606 1039 3689 observatur,
1084 3614 1275 3691 atque
1318 3629 1402 3693 ny
1423 3611 1801 3693 paragogico
1820 3628 1951 3675 non
1971 3626 2132 3674 esse
2155 3612 2326 3674 fusos
2369 3609 2494 3674 nisi
2515 3613 2664 3675 ante

418 3707 716 3790 vocalem,
781 3713 1115 3778 nonnullos
1157 3730 1307 3778 vero
1351 3714 1543 3778 etiam
1586 3714 1653 3777 in
1695 3711 2101 3779 incisionibus
2146 3716 2212 3776 et
2252 3711 2318 3776 in
2362 3712 2666 3780 membris
2802 3783 2809 3788 ,

421 3818 724 3928 sequente
767 3832 1058 3883 consona.
1145 3815 1242 3882 De
1303 3815 1621 3898 digamma
1683 3816 1778 3881 illi
1842 3821 2014 3882 certe
2078 3814 2317 3881 nullam
2381 3815 2665 3882 habuere

418 3929 854 3995 susplclonem.

555 4153 611 4221 2)
644 4158 931 4212 Poetarum
949 4163 1165 4215 arbitrio
1184 4163 1444 4230 excipitur
1460 4161 1820 4229 imperfectum
1852 4150 1970 4232 ἦεν,
2004 4165 2093 4216 cui
2124 4179 2359 4217 consona
2392 4177 2661 4229 nunquam

420 4238 591 4306 deam
629 4241 752 4297 ἐσσί
782 4263 899 4301 eam
915 4265 1183 4315 nunquam
1200 4251 1405 4316 recipit,
1440 4265 1550 4302 non
1585 4250 1653 4301 ob
1671 4243 1870 4309 πάθος,
1891 4255 1949 4301 ut
1964 4255 2201 4328 veterum
2222 4250 2437 4317 quidam
2462 4248 2659 4312 dicunt,

421 4330 514 4386 sed
555 4331 680 4395 quia
713 4332 846 4386 haec
879 4351 1152 4403 paragoge
1189 4337 1316 4388 solis
1353 4352 1611 4389 concessa
1646 4342 1727 4390 est
1761 4338 2002 4403 personis
2038 4337 2319 4390 verborum
2354 4336 2536 4389 tertiis.
