2946 4928
929 321 1577 390 ῑΝσοΝεΤΑΝΤΙΑ.
1665 324 1702 410 ς
1745 325 1806 395 2.
2363 320 2488 391 349

257 485 428 567 quod
472 483 773 552 Germani
814 481 1016 569 nuper
1044 477 1303 569 'experti
1347 492 1521 567 sunt,
1589 487 1703 552 sed
1747 487 1939 553 etiam
1982 488 2047 552 in
2090 487 2338 553 iudiciis
2382 506 2491 553 vo-

261 585 654 669 cabalorum,
721 608 988 671 quorum
1055 591 1415 657 discrimina
1481 609 1604 655 non
1647 590 1857 657 minus
1923 596 2282 656 concertata
2349 595 2498 655 sunt

261 707 452 770 quam
493 639 825 774 privilegia
867 693 1112 759 civium.
1142 732 1212 740 -
1252 691 1683 759 Confidentius
1727 693 2005 775 loquitur
2069 694 2165 758 vir
2233 693 2497 758 eximius

264 791 345 856 de
390 793 682 874 duplici
728 796 1025 862 aoristo
1055 795 1248 861 Dem.
1273 814 1323 861 c.
1345 794 1575 861 Neaer.
1605 794 1784 860 1387.
1809 795 1892 861 29
1918 792 1988 863 εἴ
2020 822 2083 862 τι
2129 791 2200 862 ἐκ
2225 800 2349 861 τῶν
2369 801 2491 878 βα·

263 894 479 962 σάνων
510 895 1067 1014 βλαφθείησαν
1113 896 1176 964 οἱ
1200 891 1583 987 ἅνθρωποι,
1632 893 1973 965 ἀποτίνειν
1998 895 2102 964 ὅτι
2122 896 2497 987 βλαβείη·

264 1019 410 1065 σαν·
455 999 683 1063 mirum
727 1000 901 1063 ambo
949 1001 1221 1064 aori-etos
1266 1002 1332 1063 in.
1376 1001 1616 1064 tantulo
1660 1001 1866 1086 spano
1893 999 2180 1087 deinceps
2202 1002 2389 1087 poni,
2433 1014 2504 1066 ut

131 1108 158 1177 j
261 1103 479 1165 malim
523 1103 890 1166 alterutram
933 1101 1224 1188 formam
1280 1103 1375 1169 bis
1442 1126 1575 1167 esse
1627 1105 1913 1190 posnam
1958 1103 2026 1169 T.
2069 1104 2129 1170 V
2173 1102 2315 1170 599.
2403 1105 2503 1170 Ex

263 1205 730 1287 similigenere
774 1212 872 1271 est
917 1206 1135 1272 Liban.
1182 1206 1287 1273 Or.
1331 1206 1486 1271 XVI
1530 1205 1674 1272 503.
1733 1205 1774 1272 9
1820 1208 1888 1272 Τ.
1934 1207 1967 1271 I
2017 1202 2129 1272 οὐκ
2178 1200 2502 1293 ἤνεγκαν

261 1302 541 1392 ἄρχοντα
568 1303 829 1395 ἀγαθὸν
855 1306 916 1375 οἱ
940 1314 1069 1374 τῶν
1089 1308 1180 1397 μὴ
1207 1306 1530 1375 τοιούτων
1553 1309 1778 1396 γενεὰν
1802 1306 2271 1395 ἐνεγκόντες,
2303 1310 2501 1375 idem-

261 1430 383 1494 que
428 1412 744 1493 participii
788 1412 1030 1494 species
1074 1413 1467 1479 commiscuit
1511 1413 1776 1477 diversis
1824 1412 2341 1478 declinationibus
2388 1414 2499 1479 ad·
2542 1495 2555 1501 ²
2668 1404 2679 1417 '

260 1515 534 1594 scriptas
558 1512 664 1578 Or.
694 1513 898 1578 H‘171
950 1509 987 1579 ὃ
1036 1514 1458 1601 ἐπαγγέλλων
1504 1507 1580 1601 ἦν
1612 1509 1884 1596 ὂμνῦς,
1933 1512 2314 1582 ἐπιστεύετο
2335 1510 2398 1582 ’δ’
2428 1510 2508 1581 ὃν

261 1616 370 1683 καὶ
398 1613 520 1682 οὐκ
564 1613 882 1699 ὀμνύων.
918 1655 989 1664 -
1026 1618 1130 1682 Ad
1150 1617 1378 1699 Phryn.
1422 1618 1461 1683 l.
1509 1635 1558 1682 e.
1604 1618 1788 1683 attuli
1836 1618 2028 1687 etiam
2072 1617 2504 1683 infinitivos

261 1720 425 1802 disp
442 1721 556 1785 a'ri
600 1725 995 1803 augmento
1040 1720 1199 1785 Plat.
1226 1720 1483 1785 Theaet.
1515 1718 1634 1786 198
1668 1720 1725 1784 D
1773 1721 1954 1808 διττὴ
2003 1713 2080 1808 ἦν
2126 1716 2163 1807 ἦ
2214 1717 2412 1806 θήρα,
2462 1716 2502 1805 ἢ

259 1824 377 1906 μὲν
423 1823 584 1910 πρὶν
628 1822 1009 1908 ἐκτῆσθαι
1057 1827 1172 1889 τοῦ
1219 1828 1648 1908 κεκτῆσθαι
1694 1820 1912 1918 ἕνεκα,
1981 1841 2246 1905 quorum
2311 1821 2504 1903 priori

262 1925 669 1993 Heindorfius
691 1927 902 2008 kappa
922 1925 1216 2009 praefixit
1238 1926 1719 1989 inconstantiam
1763 1923 2128 1988 huiusmodi
2141 1924 2296 1991 ferri
2316 1942 2503 2006 posse

261 2017 520 2112 n'egans3
582 2030 873 2111 equidem
916 2029 1167 2096 defendi
1210 2029 1359 2094 olim
1403 2046 1712 2093 consensu
1768 2028 2050 2093 codicum
2113 2028 2296 2093 nixus
2360 2045 2506 2092 nec-

264 2133 413 2198 dum
483 2133 734 2214 cognita
775 2132 1080 2198 librorum
1123 2146 1343 2197 recens
1400 2131 1771 2197 colla-torum
1828 2132 2173 2212 scriptura,
2240 2148 2506 2211 quorum

263 2254 428 2301 unus
473 2235 1060 2318 praestantissimus
1104 2234 1372 2300 Lobcav.
1419 2238 1785 2320 κεκτῆσθαι
1834 2231 2089 2298 exhibet
2120 2231 2509 2298 Schneidero

260 2322 597 2403 probatum
640 2322 724 2387 ad
769 2320 899 2386 civ.
944 2321 1001 2386 V
1046 2319 1173 2386 464
1217 2320 1293 2385 D.

433 2422 919 2506 Significationis
978 2423 1314 2489 discrimen
1357 2421 1591 2504 ubique
1635 2423 1877 2488 nullum
1920 2422 2198 2488 cernitur
2243 2426 2504 2503 excepto

262 2527 428 2608 quod
451 2527 723 2594 Thomas
754 2527 976 2592 tradit.
1025 2551 1089 2594 οι
1133 2521 1425 2614 ἀκριβεῖς
1449 2526 1728 2607 τεχνικοί
1774 2526 1848 2591 τὸ
1897 2517 2126 2609 οἶμαι
2175 2522 2288 2592 ἐπι
2335 2519 2503 2607 ὁμο·
2600 2557 2609 2561 ·

263 2630 669 2714 λογουμένου
714 2629 1048 2706 τίθενται,
1117 2628 1191 2694 τὸ
1240 2629 1314 2697 δὲ
1377 2625 1674 2711 οιόμαι
1730 2628 1843 2695 ἐπὶ
1891 2623 2296 2714 ἀμφιβόλου.
2386 2628 2506 2693 His

261 2715 644 2816 suffragatur
686 2734 1110 2799 Buttmannus
1153 2733 1219 2798 in
1263 2730 1398 2796 Ind.
1421 2732 1642 2797 Anom.
1689 2750 1738 2796 S.
1782 2730 1842 2795 h.
1887 2751 1962 2811 v.‚
2007 2729 2199 2796 fidem
2244 2730 2508 2811 derogat

264 2836 576 2903 Weberus
644 2837 726 2902 ad
768 2836 947 2901 Dem.
994 2855 1044 2901 c.
1089 2835 1388 2902 Aristocr.
1435 2854 1495 2916 p.
1548 2833 1667 2898 177
1713 2833 2053 2916 plurimum
2118 2833 2184 2897 in
2250 2834 2370 2898 hac
2435 2851 2506 2897 re
2585 2879 2591 2884 -

263 2939 514 3003 numeri
530 2939 832 3002 rationem
855 2938 1061 3001 valere
1087 2936 1426 3002 affirmanS.
1476 2934 1812 3001 Schaefero
1836 2935 1994 3018 App.
2042 2936 2110 3000 T.
2137 2936 2230 3000 IV
2270 2955 2330 3017 p.
2384 2934 2505 2999 102

264 3041 427 3107 inter
467 3047 808 3125 utrumque
850 3041 1007 3107 nihil
1049 3030 1382 3106 interesse
1415 3040 1694 3119 videtur,
1751 3040 1874 3104 nisi
1919 3040 2087 3120 quod
2132 3031 2325 3121 οἶμαι
2371 3057 2505 3103 ser-

265 3147 432 3210 moni
476 3145 687 3227 aptius
731 3150 934 3226 putat,
990 3139 1221 3226 οἷόμαι
1267 3143 1552 3208 orationi.
1640 3141 1773 3207 Nec
1813 3142 1992 3207 litem
2058 3136 2360 3206 dirimunt
2404 3160 2505 3206 ce-

266 3249 388 3312 teri
431 3253 750 3314 oratorum
795 3247 1149 3313 Atticorum
1190 3247 1589 3326 interpreteS,
1655 3263 1813 3326 quos
1857 3244 2256 3326 Ruedigerus
2302 3245 2505 3310 nomi-

268 3354 379 3414 nat
421 3352 505 3416 ad
546 3351 726 3415 Dem.
770 3350 928 3415 Phil
974 3350 1043 3414 T.
1066 3348 1099 3413 1
1123 3347 1223 3423 61.
1251 3385 1328 3395 —
1353 3348 1589 3413 Poetae
1633 3348 1821 3468 metri
1863 3347 2260 3430 potissimum
2302 3347 2510 3428 gratia

268 3453 546 3536 disparia
589 3454 884 3536 copulant
925 3458 1000 3517 ut
1042 3450 1159 3517 Od.
1203 3451 1266 3519 V.
1306 3448 1431 3517 397
1548 3525 1555 3530 ,
2156 3519 2163 3526 ..

354 3553 773 3626 ἀσπάσιον
819 3549 969 3623 δ”’
926 3581 1056 3643 αρα
1104 3551 1215 3621 τόν
1259 3580 1331 3641 γε
1377 3553 1534 3620 θεοὶ
1578 3548 1940 3641 κακότητος
1986 3550 2245 3635 ἔλυσαν,

235 3687 250 3704 ·
353 3653 445 3740 ἇς
480 3658 742 3729 Ὀδυσεῖ
784 3654 1195 3728 ἀσπαστὸν
1241 3653 1504 3724 ἐείσατο
1550 3659 1705 3743 γαΐα
1752 3655 1860 3722 καὶ
1903 3652 2048 3742 ῧλη,

268 3768 333 3829 et
373 3763 596 3830 XXIII
639 3762 767 3830 238

351 3861 679 3934 ἀσπάσιοι
726 3861 782 3931 δ’
832 3865 1081 3949 ἐπέβαν
1125 3860 1340 3951 γαίης,
1387 3858 1716 3958 κακότητα
1762 3857 2104 3948 φυγόντες·

353 3961 443 4046 ὣς
488 3963 620 4059 ὄῖρα
665 3973 746 4058 τῇ
795 3964 1135 4044 ἀσπαστὸς
1179 3965 1290 4054 ἔην
1336 3963 1539 4044 πόσις
1593 3958 1983 4052 εἰσοροώσῃ,

270 4075 336 4136 et
377 4091 517 4138 cum
562 4072 859 4148 adverbio
899 4069 1061 4136 XIII
1104 4069 1185 4134 33

354 4171 705 4253 ἀσπασίως
750 4169 806 4241 δ’
856 4166 987 4262 ἀρα
1034 4176 1123 4260 τῷ
1169 4171 1410 4241 κατέδυ
1458 4169 1636 4256 φάος
1683 4164 1964 4255 ἠελίοιο,

356 4269 447 4356 ὣς
481 4271 741 4350 Ὀδυσεῖ
783 4273 1127 4344 ἀσπαστὸν
1172 4273 1289 4341 ἔδυ
1334 4273 1513 4363 φάος
1558 4268 1834 4359 ἠελίοιο.
