2946 4928
294 299 315 350 ’-
416 317 539 384 152
1168 310 1726 377 mssnRTArio
1789 310 1931 377 v11.

416 485 490 547 ut
531 481 636 545 vix
678 478 1007 544 fortuitum
1053 475 1178 542 dici
1219 475 1438 558 possit.
1530 459 1612 539 Si'
1640 491 1790 541 vero
1831 474 2002 542 idem
2027 474 2347 540 interdum
2370 474 2661 540 consonis
2785 477 2812 496 “

414 582 842 665 praeponitur,
888 585 1026 645 tum
1068 580 1440 661 plerumque
1495 578 1876 644 sententiam
1934 577 2017 643 ad
2058 575 2249 644 finem
2290 577 2660 657 perductam

417 703 559 751 esse
606 683 1182 764 animadvertimus,
1228 700 1352 763 quo
1394 682 1533 746 loco
1575 680 1734 746 illud
1776 681 1842 744 in
1871 680 2077 748 soluto
2099 698 2349 761 quoque
2374 697 2661 748 sermone

415 805 608 869 saepe
676 785 862 851 adiici
928 791 1152 867 postea
1216 784 1567 849 ostendam.
1702 781 1769 846 Si
1834 784 2010 848 nulla
2065 782 2426 848 huiusmodi
2470 800 2668 848 causa

419 893 711 972 apparet,
775 888 843 952 in
887 888 1072 970 culpa
1115 887 1390 970 ponendi
1433 887 1729 962 videntur
1769 884 2015 951 librarii
2058 871 2335 966 gregarii
2379 885 2665 950 diversas

416 992 696 1057 rationes
742 995 1100 1072 sequentes,
1168 1008 1321 1071 pars
1381 990 1738 1070 podismum
1783 988 2133 1068 metricum,
2204 987 2313 1068 qui
2356 987 2664 1071 syllabam

416 1093 675 1159 brevem
718 1094 938 1174 poscit,
983 1110 1135 1174 pars
1179 1092 1700 1157 consuetudinem
1713 1141 1729 1171 ,
1800 1110 1963 1174 quae
2007 1090 2328 1156 vocabulis
2371 1092 2663 1158 enuntia-

420 1202 558 1261 tum
619 1194 1056 1261 claudentibus
1122 1193 1242 1260 hoc
1307 1194 1492 1275 quasi
1557 1193 2056 1260 stabilimentum
2101 1193 2413 1275 supponit.
2502 1192 2670 1259 Hinc

416 1300 601 1380 longe
668 1299 982 1363 diversam
1045 1296 1215 1361 viam
1277 1297 1603 1378 ingressus
1670 1301 1769 1362 est
1810 1296 2244 1377 Hermannus‚
2311 1296 2377 1361 id
2429 1296 2667 1378 ubique

402 1402 558 1467 soni
619 1399 972 1482 complendi
1032 1416 1226 1464 causa
1290 1399 1652 1465 addendum
1716 1417 1859 1465 esse
1922 1403 2183 1480 putanS,
2241 1399 2385 1465 sive
2430 1399 2667 1465 vocalis

423 1507 726 1586 sequatur
770 1502 902 1567 sive
948 1520 1238 1581 consona,
1284 1507 1351 1567 et
1392 1503 1459 1567 id
1501 1520 1628 1568 non
1658 1501 1973 1568 adverbiis
1999 1503 2220 1583 solum,
2267 1501 2380 1570 sed
2404 1501 2664 1584 quibus-

422 1606 581 1671 libet
622 1604 879 1697 vocibus
949 1604 1137 1672 huius
1182 1605 1504 1687 augmenti
1548 1605 1901 1687 capacibus.
2017 1605 2231 1672 Verba
2272 1605 2393 1671 viri
2433 1604 2668 1670 summi

362 1724 366 1728 ·
423 1707 589 1774 infra
609 1670 902 1789 referam,
924 1725 1091 1784 nunc
1116 1706 1284 1773 enim
1308 1708 1386 1774 de
1411 1708 1619 1773 aclitis
1642 1726 1806 1789 quae
1824 1712 2073 1774 restant
2094 1707 2478 1819 absolvenda
2500 1711 2666 1772 sunt.

596 1846 651 1929 ξ.
676 1848 734 1928 4.
822 1843 1283 1911 Adverbiorum
1326 1861 1490 1925 quae
1536 1844 1912 1926 protulimus
1956 1861 2108 1924 pars
2154 1861 2280 1908 11011
2322 1844 2415 1908 ita
2434 1862 2669 1925 magna

421 1966 453 2013 8
467 1967 502 2014 0
517 1966 627 2012 rm
640 1966 731 2013 on
744 1965 856 2012 em
923 1963 956 2009 c
969 1963 1005 2009 0
1018 1964 1267 2009 1111111111
1285 1964 1320 2011 0
1336 1965 1401 2010 111
1458 1950 1843 2028 pervagatur
1859 1957 1892 2026 ,·
1945 1945 2059 2010 8οἀ
2123 1943 2513 2011 mutabilitas
2557 1947 2670 2011 illa

418 2050 739 2132 plerisque
806 2051 1056 2113 exemta
1121 2051 1238 2112 est.
1348 2047 1470 2113 Hic
1535 2048 1809 2129 primum
1853 2047 2197 2113 obveniunt
2239 2066 2316 2113 ea
2329 2097 2344 2126 ‚
2418 2067 2583 2130 quae
2627 2068 2670 2114 a

419 2151 777 2217 nominibus
842 2151 1121 2215 locorum
1188 2135 1460 2232 propriis
1535 2154 1885 2232 propagata
1951 2156 2128 2216 sunt:
2189 2146 2269 2215 ’A
2281 2147 2385 2236 θή
2401 2178 2433 2214 ν
2447 2176 2485 2236 η
2502 2156 2556 2217 θ
2568 2177 2598 2218 ε
2614 2178 2667 2230 ν,
2709 2201 2717 2206 .

427 2251 837 2341 Θήβηθεν,
864 2250 1390 2338 Μεγαρόθεν,
1411 2249 2080 2339 Μαραθώναθεν,
2118 2271 2280 2338 quae
2323 2271 2403 2318 110
2424 2254 2669 2319 librarii

421 2357 678 2439 quidem
745 2354 867 2421 alio
910 2354 1162 2421 flexisse
1205 2353 1502 2421 videntur
1516 2375 1531 2435 ;
1601 2359 1739 2420 tum
1802 2374 1965 2438 quae
2032 2355 2113 2421 ab
2160 2356 2557 2437 appellativis
2602 2348 2670 2421 et

422 2459 775 2533 adiectivist
823 2454 1183 2541 οἴκοθεν,
1215 2452 1560 2543 ὁμόθεν,
1608 2456 1846 2527 κυκλό
1866 2466 2045 2542 θεν,
2099 2452 2197 2524 ἷίλ
2216 2460 2491 2537 λοθεν,
2538 2454 2667 2526 οὗ-

422 2560 810 2647 δαμόθεν,
858 2558 1292 2638 πάντοθεν,
1342 2563 1546 2649 πέρα
1567 2568 1728 2645 θεν,
1776 2557 2227 2649 πρώραθεν,
2279 2558 2668 2647 ἓκατὲρω-

422 2676 589 2745 θεν,
636 2663 821 2751 ἓτέρ
840 2670 1076 2746 ωθεν,
1104 2657 1721 2749 οὐδετέρωθεν,
1767 2665 2369 2753 μηδετέρωθεν,
2440 2665 2669 2748 quibus

422 2771 603 2852 paria
646 2768 848 2833 multa
891 2786 927 2831 e
973 2765 1384 2847 scriptoribus
1426 2767 1636 2832 minus
1682 2768 1957 2851 antiquis
2014 2769 2392 2849 novstiisque
2435 2767 2672 2848 protuli

425 2873 507 2938 ad
550 2873 777 2954 Phryn.
803 2890 862 2952 p.
887 2867 989 2950 93,
1036 2873 1101 2934 et
1145 2867 1399 2935 aliunde
1443 2873 1621 2934 nata:
1670 2865 2038 2953 διχόθεν,
2088 2867 2667 2952 εκασταχόθεν,

422 2997 759 3059 τετραχο
744 2970 939 3049 θεν
969 2972 1252 3037 πλειστ
1269 2995 1407 3053 αχο
1425 2977 1592 3048 θεν
1638 2970 2154 3056 πανταχόθεν
2174 2973 2221 3057 )
2253 2977 2370 3039 etc
2426 2972 2670 3038 Horum

385 3122 389 3126 -
418 3078 561 3140 tam
605 3074 898 3139 assiduus
946 3078 1046 3138 est
1088 3091 1263 3154 118118,
1308 3077 1398 3153 ut,
1443 3092 1606 3156 quae
1650 3077 1888 3156 passim
1910 3076 1976 3141 in
2000 3075 2317 3143 codicibus
2341 3081 2675 3158 emergunt

426 3177 506 3243 ab
537 3176 670 3241 hoc
713 3176 968 3242 tramite
1014 3195 1258 3257 aversa,
1303 3194 1532 3257 parum
1576 3179 1881 3243 momenti
1909 3177 2163 3259 faciant,
2210 3179 2458 3260 cognita
2484 3197 2669 3259 prae·
2753 3165 2774 3174 “

431 3280 653 3345 sertim
696 3279 1097 3347 librariorum
1139 3278 1579 3344 nonnullorum
1637 3281 1720 3346 ad
1765 3280 2214 3376 detractionem
2256 3281 2670 3364 proclivitate.

296 3472 304 3476 Ἠ
424 3382 527 3447 Ita
571 3382 704 3448 cod.
748 3382 949 3465 Mosq.
989 3380 1316 3447 Strabonis
1361 3381 1654 3465 ἕντεῦθε,
1695 3382 1938 3466 ἐκεῖθε,
1991 3381 2373 3471 ἑκατέρωθε
2417 3385 2671 3465 invexit,

430 3505 488 3552 v.
537 3485 879 3550 Tzschuck.
927 3485 1010 3550 ad
1052 3483 1211 3551 VIII
1255 3485 1399 3566 272,
1459 3504 1622 3567 quae
1666 3486 2013 3551 Kramerus
2056 3506 2138 3552 ne
2180 3487 2372 3553 verbo
2417 3488 2672 3570 quidem

431 3587 726 3669 dignatus
758 3591 873 3652 est.
954 3583 1390 3673 Ἑκατέρωθε,
1439 3587 1607 3669 quod
1639 3586 2003 3654 Dindorfius
2046 3590 2308 3656 retinuit
2329 3590 2556 3656 Athen.
2580 3590 2671 3655 IV

440 3689 559 3753 152
605 3689 696 3770 Β.,
764 3687 1043 3754 infirmat
1108 3689 1298 3754 Laur.
1367 3689 1585 3755 addita
1651 3672 1951 3772 consona,
2018 3710 2209 3773 quam
2264 3691 2539 3759 Sintenis
2604 3693 2671 3758 in

427 3789 592 3857 Plut.
659 3811 715 3857 v.
760 3792 947 3857 Phoc.
992 3791 1153 3857 XIII
1198 3790 1283 3857 28
1345 3797 1519 3858 recte
1584 3794 1828 3875 recepit
1893 3812 1932 3857 a
2001 3793 2317 3860 codicibus
2361 3793 2667 3872 oblatam3

431 3911 545 3974 pro
582 3892 810 3989 ἔξωθε
855 3894 1080 3961 Αο11111.
1127 3895 1283 3961 Tat.o
1309 3894 1381 3959 L.
1425 3894 1493 3958 II
1542 3892 1636 3965 19.
1660 3892 1699 3959 5
1746 3915 1805 3977 p.
1832 3893 1916 3961 42
1945 3895 2148 3961 Vatic.
2193 3897 2439 3978 plenius
2483 3915 2668 3978 prae-

568 4131 622 4199 1)
658 4133 1052 4209 Adiectivorum
1091 4106 1414 4205 unanimis,
1448 4133 1697 4205 μοναχός
1730 4143 1847 4203 etc„
1885 4154 2022 4205 quae
2054 4140 2109 4189 in
2143 4138 2391 4204 Prolegg.
2411 4134 2514 4190 335
2551 4154 2674 4204 pro·

286 4235 293 4239 ·
366 4234 375 4238 ·
428 4220 605 4299 posui,
662 4222 893 4288 vestigia
948 4223 1258 4275 obscuriora
1297 4228 1433 4286 sunt,
1490 4239 1647 4288 quam
1701 4229 1760 4275 ut
1808 4224 2060 4276 adverbia
2092 4223 2217 4275 hinc
2251 4224 2415 4290 repeti
2450 4223 2674 4292 possint,

426 4305 522 4358 sed
554 4306 687 4359 haec
735 4309 908 4375 potius
944 4325 1006 4361 ex
1047 4309 1393 4376 synecdrome
1427 4313 1554 4362 nata
1587 4309 1845 4363 videntur.
