2946 4928
475 333 610 404 we
717 381 747 395 κ
1237 330 1792 402 οιεεΕΒτΑτῑο
1833 290 1977 401 ’Ἧι

475 499 551 565 Il.
591 497 809 564 XXIV
854 496 982 563 388
1026 502 1291 564 accentu
1335 497 1671 580 distinguit
1709 496 2062 622 imperandi
2103 446 2403 562 modum:
2441 486 2514 561 ’τὸ
2556 495 2694 578 μέν·

472 626 576 669 τοι
622 601 1106 689 προστακτικὸν
1152 599 1284 689 πρὸ
1330 599 1633 679 τέλους”
1588 625 1718 684 εχει
1746 625 1861 686 την
1885 594 2105 680 οξειαν
2147 597 2262 665 Σὺ
2309 592 2368 664 ‹5‘
2414 591 2695 686 ὀληθὲς

478 702 828 784 ἔνισπες
874 704 985 771 καὶ
1031 705 1233 790 δῆλον
1278 700 1383 770 ὅτι
1408 702 1585 770 ὅπου
1627 703 1748 788 μὲν
1790 701 2006 788 ‘roffi‘
1982 702 2115 770 εστὶ
2157 705 2275 789 τῆς
2319 701 2694 788 προθέσεως,
2803 726 2807 735 ·

474 805 651 875 σ’που
698 807 768 874 δὲ
809 813 928 873 τοῦ
967 802 1263 894 ῥήματος
1279 806 1372 890 ²).
1403 808 1499 873 Τὸ
1533 807 1760 891 μέντοι
1809 801 1965 874 ἄνευ
2007 808 2127 872 τοῦ
2162 837 2198 875 σ
2213 804 2700 930 προστακτικὸν

383 946 392 950 ·
477 905 1060 996 προπαροξύνεται
1091 909 1513 997 Νημερτές
1553 935 1691 993 μοι
1738 907 2019 976 ἔνισπε
2066 901 2233 975 ποτ’
2284 902 2567 995 ᾤχετο,
2609 925 2698 973 eo-

475 1031 600 1096 que
626 1017 893 1078 accentu
920 1017 1021 1077 est
1062 1013 1128 1077 in
1154 1011 1384 1095 Sapph.
1408 1012 1554 1095 Frg
1578 1011 1778 1093 XXX,
1801 1010 2028 1076 Aesch.
2055 1008 2270 1091 Suppl.
2295 1009 2421 1074 587
2446 1014 2508 1074 et
2531 1027 2701 1091 saepe

475 1117 543 1181 in
587 1108 760 1181 exitu
801 1133 1101 1180 versuum
1123 1115 1601 1181 Homericorum
1625 1115 1917 1181 certatim
1961 1131 2104 1179 cum
2125 1112 2499 1195 imperativo
2538 1131 2701 1195 prae-

478 1218 678 1284 sentis
720 1217 1058 1284 homotono
1105 1216 1364 1295 ἔνισπε,
1436 1218 1515 1287 de
1565 1237 1691 1301 quo
1736 1235 1930 1299 supra
1974 1216 2214 1282 dictum
2278 1220 2396 1281 est.
2450 1253 2521 1281 -,-
2568 1215 2702 1280 Fre-

476 1322 773 1403 quentius
817 1324 885 1386 et
924 1320 991 1386 in
1058 1322 1227 1387 omni
1292 1339 1525 1404 genere
1590 1321 1841 1388 dicendi
1903 1319 2308 1401 reperiuntur
2370 1318 2705 1401 imperativi

475 1424 652 1490 tertii
693 1423 871 1490 verbi
916 1422 1342 1507 κατάσχες.
1395 1421 1821 1510 μετάσχες,
1881 1422 2328 1509 παράσχες,
2375 1418 2707 1504 ὑπόσχες

479 1532 548 1593 et
586 1545 741 1610 prae
787 1527 1017 1593 ceteris
1061 1522 1413 1609 ἐπίσχες.
1507 1525 1741 1606 Sedxin
1782 1527 1883 1592 his
1926 1526 2170 1592 librarii
2210 1526 2554 1608 plurimum
2595 1526 2705 1590 dis-

478 1630 759 1710 cordant,
802 1630 1076 1711 primum
1119 1631 1187 1695 in
1231 1634 1512 1711 accentu,
1557 1630 1744 1696 modo
1790 1627 2092 1717 πάρασχε
2137 1629 2507 1710 scribenteS,
2558 1628 2708 1711 quod

479 1752 696 1800 omnes
739 1737 1082 1799 tenuerunt
1124 1733 1276 1799 Eur.
1321 1733 1477 1800 Hec.
1522 1734 1679 1814 821,
1738 1733 1923 1799 modo
1972 1730 2304 1818 παράσχε,
2358 1732 2530 1814 quod
2570 1749 2706 1797 non·

480 1834 640 1900 nulli
683 1835 992 1918 praebent
1032 1836 1256 1902 Troad.
1302 1836 1386 1900 82
1433 1837 1636 1918 sigma
1679 1840 1898 1901 contra
1940 1834 2279 1918 metrum*)
2324 1837 2576 1916 omisso,
2617 1834 2710 1899 alii

476 1945 1052 2021 proparoxytonom
1098 1936 1402 2025 πάρασχε
1447 1945 1515 2004 et
1559 1935 1844 2021 κάτασχε
1866 1938 2199 2020 aliquoties
2225 1939 2394 2019 apud
2418 1937 2710 2005 Achillem

480 2041 637 2122 Tat„
682 2061 741 2108 v.
763 2041 1014 2108 Jacobs.
1057 2059 1119 2123 p.
1168 2041 1311 2121 730,
1357 2042 1471 2106 sed
1515 2042 1582 2105 in
1602 2040 1762 2105 Plat.
1787 2040 2040 2122 Protag.
2087 2039 2214 2105 348
2257 2039 2352 2120 A„
2399 2060 2588 2124 quem
2627 2040 2707 2105 lo-

477 2161 622 2209 cum
662 2142 767 2210 hic
809 2143 1023 2226 affert,
1090 2161 1256 2209 nunc
1322 2163 1358 2209 e
1401 2143 1722 2211 codicibus
1766 2143 2148 2225 rescriptum
2204 2148 2304 2208 est-
2373 2141 2710 2233 παράσχες.

486 2246 845 2328 Tripliciter
901 2247 1151 2312 variant
1192 2247 1454 2313 Aristid.
1512 2245 1619 2312 Or.
1663 2246 1752 2312 LI
1796 2244 1924 2311 418
1991 2243 2326 2332 πάρασχε,
2396 2244 2708 2334 παράσχὲ,

482 2347 819 2437 παράσχες
860 2348 1185 2416 Dindorfio
1227 2351 1565 2432 probatum
1604 2369 1667 2432 p.
1714 2347 1840 2417 574
1885 2348 1953 2414 Τ.
1976 2348 2060 2429 Π,
2107 2353 2172 2414 et
2214 2348 2373 2414 haec
2419 2349 2714 2431 scriptura

479 2452 573 2520 ita
614 2453 831 2520 multis
875 2454 1178 2536 exemplis
1219 2458 1459 2520 testata
1481 2458 1600 2535 est,
1646 2458 1720 2520 ut
1740 2451 2099 2520 Brunckius
2144 2452 2226 2519 ad
2248 2452 2399 2519 Eur.
2425 2451 2577 2518 Hec.
2600 2446 2707 2515 821

481 2560 549 2628 et
589 2555 901 2622 Matthiae
946 2558 1030 2624 ad
1073 2557 1259 2624 Herc.
1301 2557 1465 2626 1182
1511 2557 1739 2641 (1211)
1788 2553 2090 2643 πάρασχε
2136 2557 2269 2621 sive
2316 2554 2619 2641 παράσχε
2657 2557 2715 2618 et

481 2659 774 2725 similiter
818 2658 1055 2741 scripta
1096 2679 1212 2741 pro
1254 2659 1546 2725 barbaris
1588 2660 1883 2726 habeant.
1971 2659 2375 2725 Her-mannus
2432 2678 2587 2725 vero
2642 2656 2713 2721 ad

479 2762 633 2829 Hec.
653 2749 657 2756 ”
676 2763 718 2828 l.
761 2781 813 2829 c.
858 2762 1138 2829 Porsono
1181 2760 1566 2845 suffragatus
1610 2759 1904 2849 πάρασχε
1917 2813 1933 2843 ,
1995 2763 2063 2828 in
2096 2749 2245 2845 'quo
2289 2780 2507 2826 omnes
2552 2758 2713 2826 codd.

481 2865 870 2946 conspirant,
936 2870 1074 2930 tum
1117 2866 1443 2947 analogiae
1509 2866 1747 2948 regulis
1792 2863 2046 2931 defendi
2092 2864 2269 2945 dicit,
2334 2869 2476 2929 tum
2541 2861 2715 2929 simili

481 2962 769 3048 κάτασχε
810 2966 878 3032 in
920 2967 1105 3033 Herc.
1150 2969 1191 3033 1.
1237 2986 1287 3034 c.
1386 2968 1594 3034 Huius
1659 2968 1914 3050 quidem
1976 2968 2100 3033 loci
2164 2968 2481 3049 scriptura
2542 2965 2715 3031 nimis

481 3083 674 3150 quam
715 3069 959 3134 incerta
1002 3074 1118 3135 est.
1153 3091 1166 3100 ¹
1209 3071 1521 3153 Analogia
1573 3090 1885 3154 quaenam
1938 3071 2043 3137 hic
2086 3061 2440 3135 intercedat
2495 3069 2714 3148 nescio,

479 3171 603 3237 nisi
645 3170 811 3237 forte
851 3177 1153 3254 putamus
1198 3173 1477 3241 Graecos
1522 3179 1800 3240 mentem
1845 3174 1927 3240 ad
1962 3173 2367 3255 imperativos
2390 3172 2717 3238 verborum
2826 3163 2831 3170 ’

478 3273 930 3356 barytonorum
973 3276 1280 3343 direxisse
1347 3282 1414 3343 et
1477 3277 1620 3343 ideo
1668 3273 1970 3364 πάρασχε
2028 3275 2260 3342 dixisse
2325 3278 2399 3339 ut
2454 3274 2714 3364 πάρεχε,

484 3370 769 3446 ἄπελθε.
861 3378 989 3446 Sed
1032 3379 1420 3461 probabilius
1487 3381 1555 3445 in
1596 3380 1831 3447 Anecd.
1876 3378 2132 3444 Bachm.
2179 3376 2247 3441 Τ.
2293 3377 2359 3442 Π
2424 3392 2573 3443 cum
2613 3376 2719 3453 θές

482 3482 875 3563 componitur
920 3481 1069 3566 σχές
1112 3487 1436 3565 tamquam
1481 3484 1765 3549 eiusdem
1810 3482 2102 3566 syzygiae
2147 3498 2413 3562 cumque
2430 3480 2719 3563 syntheto

482 3582 728 3664 ἐπίθες
768 3585 922 3652 item
965 3580 1303 3667 κατάσχες,
1351 3582 1709 3672 παράσχες;
1777 3585 2145 3650 nominatim
2188 3573 2402 3648 autem
2444 3582 2719 3647 reiicitur

484 3685 823 3776 παράσχε,
892 3686 1086 3772 Ι(Ῑιιοᾱ
1153 3688 1209 3752 si
1274 3690 1385 3770 qui
1453 3684 1755 3776 πάρασχε
1809 3689 2225 3770 scripserunt,
2308 3684 2585 3751 fortasse
2648 3700 2751 3778 ex·

618 3907 675 3975 2)
709 3913 814 3965 Hic
851 3910 934 3967 ἔνι
916 3928 1075 3974 ισπες
1106 3929 1215 3967 non
1228 3909 1497 3977 adflatum,
1535 3914 1629 3967 sed
1643 3913 2003 3982 imperfectum
2020 3919 2236 3980 putasse
2253 3913 2461 3964 videtur
2476 3918 2541 3964 ut
2561 3899 2718 3964 schol.

484 3997 586 4053 Od.
621 3998 748 4053 XIV
783 3997 884 4054 185
922 4001 1059 4060 σπές
1093 3998 1312 4062 ἐνίσπες
1345 3995 1421 4060 ὥς
1453 4003 1552 4061 θές
1601 3998 1810 4065 ἐπίθες,
1847 4001 1973 4069 σχές
2006 3996 2244 4068 ἐπίσχες·
2300 3995 2490 4051 ἔνισπε
2524 3996 2589 4050 δὲ
2612 3990 2717 4049 ἀπὸ

483 4084 580 4158 τοῦ
624 4082 833 4138 ἐνίσπω
889 4081 962 4145 ὥς
998 4081 1226 4152 ἐλαύνω,
1265 4088 1454 4154 quibus
1490 4086 1684 4139 similia
1714 4085 1962 4154 leguntur
2002 4089 2058 4139 in
2092 4087 2195 4154 Epi
2197 4104 2267 4142 m.
2300 4084 2328 4137 1
2367 4080 2467 4138 128
2519 4090 2574 4136 et
2606 4081 2721 4139 EM.

482 4152 604 4312 ἓᾼῧ.
641 4168 676 4223 3
710 4187 830 4224 cum
873 4172 1235 4239 supplemento
1278 4173 1512 4241 parvulo
1557 4170 1618 4225 ui
1653 4186 1953 4245 προστακτι
1937 4168 2058 4226 ικὸν
2095 4171 2286 4226 ἔνισπε
2323 4168 2621 4230 ἀκολουθεῖ
2650 4164 2717 4233 τῷ

407 4301 416 4306 ,
518 4275 571 4330 ρι
574 4267 656 4311 στι
661 4256 755 4326 θεῷ.

529 4346 550 4374 μ
599 4310 1074 4411 ο)’ΒΜΜ
