2946 4928
1009 1095 1861 1197 PROOEMIUM.

314 1396 425 1480 Ut
491 1408 674 1474 multi
719 1415 867 1476 sunt
908 1411 975 1475 in
1019 1411 1189 1475 omni
1254 1430 1485 1493 genere
1543 1412 1969 1480 doctrinarum
2033 1408 2154 1474 loci
2219 1409 2555 1489 subnubili,

313 1512 423 1594 qui
465 1531 670 1595 neque
736 1514 829 1578 ita
892 1515 1089 1579 excoli
1130 1522 1421 1598 possunt,
1491 1523 1565 1583 ut
1628 1516 1787 1582 nihil
1850 1512 2100 1579 obscuri
2142 1512 2553 1593 relinquatur,

315 1633 521 1695 neque
565 1619 779 1681 tamen
823 1618 1162 1698 praeteriri
1207 1625 1476 1701 queunt,
1544 1620 1697 1703 quin
1740 1619 1948 1702 operis
1990 1620 2174 1681 tenor
2216 1616 2555 1680 interrum-

315 1723 524 1798 patur,
570 1717 663 1782 ita
703 1706 862 1785 haec
906 1739 1154 1802 quoque
1200 1740 1363 1805 quae
1406 1724 1607 1789 instat
1649 1721 1935 1805 quaestio
1982 1718 2305 1801 spinarum
2355 1735 2557 1799 paene

313 1820 457 1902 plus
525 1840 714 1902 quam
769 1824 903 1887 veri
944 1822 1185 1890 fructus
1251 1825 1543 1907 praebet,
1612 1825 1726 1891 sed
1794 1823 1944 1906 quia
2009 1821 2091 1886 ad
2136 1820 2559 1887 substantiam

316 1925 474 1988 artis
517 1922 810 2006 pertinet,
855 1944 1104 2007 quoquo
1144 1929 1329 1992 modo
1373 1928 1679 1994 tentanda
1725 1932 1840 1992 est.

489 2026 736 2093 Nomen
780 2029 986 2110 ipsum
1031 2032 1422 2110 grammatici
1463 2031 1531 2096 in
1574 2031 1778 2108 Bastii
1807 2029 1993 2094 Exco.
2040 2027 2123 2092 ad
2147 2025 2408 2108 Gregor.
2434 2023 2552 2091 681

317 2134 385 2194 et
428 2130 819 2210 Bachmanni
861 2131 1096 2197 Anecd.
1140 2133 1206 2198 Π
1250 2133 1376 2199 370
1420 2135 1520 2199 his
1564 2133 1698 2200 fere
1742 2132 1951 2199 verbis
1997 2131 2337 2211 explicant:
2388 2154 2558 2215 προ-

270 2232 769 2317 Νσχηματισμός
798 2235 845 2318 ¹)
893 2234 1096 2318 ἔστιν,
1169 2233 1328 2302 ὅταν
1394 2236 1689 2324 συλλαβὴ
1762 2236 2218 2321 προστιθῆται
2276 2232 2434 2297 κατὰ
2482 2231 2557 2296 τὸ

313 2329 532 2414 ίῑὲ-’λθὼ
603 2335 672 2403 ἓν
735 2337 856 2420 μὲν
914 2341 1006 2422 τῷ
1055 2334 1562 2424 προσώπατα
1619 2339 1726 2405 καὶ
1771 2342 1913 2416 τοῖς
1960 2339 2227 2414 λοιποῖς
2271 2331 2557 2414 ἶωνικός,

319 2439 388 2518 ἐν
435 2440 509 2508 δὲ
575 2443 667 2529 τῷ
722 2437 998 2508 οὖτοσί
1042 2441 1153 2507 καὶ
1196 2440 1577 2508 τουτοισί
1644 2441 1750 2508 καὶ
1797 2433 2009 2529 ἦσθα
2058 2437 2169 2505 καὶ
2215 2433 2394 2526 ὁτιή
2442 2439 2558 2504 α’τ-

321 2540 521 2623 τικός.
612 2543 817 2610 Aliter
884 2546 1161 2627 appellat
1203 2546 1605 2611 Herodianus
1671 2545 1738 2610 in
1798 2544 1989 2611 schol.
2033 2542 2106 2607 Il.
2150 2541 2301 2607 XIV
2346 2540 2470 2607 396
2520 2537 2555 2605 ff

323 2647 435 2713 διὰ
481 2651 599 2713 τοῦ
642 2650 737 2734 J}
789 2648 1143 2728 ἕπέκτασις
1186 2648 1463 2734 ἔγωγε,
1513 2647 1829 2734 ἔμοιγε,
1879 2653 1943 2712 et
1985 2645 2128 2710 EM.
2165 2644 2308 2710 638.
2355 2643 2436 2710 43
2485 2645 2558 2710 τὸ

323 2747 472 2833 οὗχί
513 2746 649 2816 κατ’
696 2750 1044 2818 ἕπέκτασιν
1087 2757 1202 2834 τῆς
1247 2756 1341 2839 {fs
1382 2753 1746 2838 συλλαβῆς,
1806 2768 1929 2832 quo
1971 2748 2156 2814 titulo
2202 2747 2561 2813 Priscianus

321 2855 378 2919 V
429 2853 525 2919 12.
570 2854 699 2919 208
742 2854 975 2919 Latina
1037 2853 1216 2917 hosce
1261 2859 1327 2919 et
1355 2854 1732 2939 plerumque
1774 2852 2091 2932 inscribit3
2159 2850 2274 2915 sed
2340 2851 2561 2916 eodem

320 2958 508 3023 modo
552 2956 905 3037 complures
947 2962 1390 3039 nuncupantur
1421 2957 1673 3022 nativae
1695 2955 1935 3021 formae
1957 2950 2475 3035 amplificationes
2489 2953 2562 3036 ²).

468 3180 520 3243 1)
558 3182 646 3233 Sic
681 3181 748 3232 ab
785 3182 867 3233 his
905 3183 958 3234 et
993 3184 1112 3235 aliis
1149 3164 1392 3237 scribitur
1444 3199 1542 3250 per
1574 3199 1741 3235 unum
1778 3183 1967 3248 sigma,
2023 3197 2131 3234 non
2166 3186 2225 3232 ut
2259 3181 2563 3233 Dindorfius

325 3273 472 3333 optat
512 3269 568 3317 iu
606 3263 1692 3339 Thes„n90;oxwauou63.119607523
1714 3269 2088 3336 grammaticus
2125 3268 2197 3319 ad
2215 3267 2435 3333 Gregor.
2460 3262 2565 3318 680

324 3371 419 3430 pro
439 3354 676 3420 exemplo
693 3354 899 3405 Atticae
917 3355 1212 3421 parellipsis
1230 3357 1398 3420 affert,
1416 3357 1661 3421 idemque
1677 3354 1963 3422 probatur
1947 3370 2003 3403 m
2028 3353 2393 3419 Epim.Cram.
2416 3348 2561 3406 1121

324 3456 391 3491 ac
425 3440 619 3506 legitur
670 3441 882 3505 saepius
936 3456 1055 3490 cum
1091 3441 1367 3520 similibus,
1421 3458 1561 3508 quae
1611 3443 1667 3491 in
1702 3440 1899 3493 Pax-all.
1939 3437 2003 3491 17
2040 3439 2216 3494 attuli:
2252 3439 2562 3507 προστείχω

325 3525 505 3577 accedo
555 3531 681 3589 etc„
735 3526 829 3577 sed
882 3526 1301 3592 discrepantibus
1357 3529 1670 3595 plerumque
1718 3527 1892 3591 libris,
1953 3542 2005 3578 ν.
2062 3526 2231 3578 Sturz.
2284 3526 2356 3577 ad
2408 3525 2565 3578 Dion.

327 3614 476 3665 Cass.
513 3612 767 3663 XXXVII
802 3610 897 3675 53,
934 3613 1119 3679 Poppo
1172 3613 1243 3664 ad
1277 3614 1520 3680 Thucyd.
1558 3615 1584 3665 1
1623 3613 1704 3668 15.
1749 3614 1792 3678 1,
1827 3613 2060 3666 Ellendt.
2096 3613 2165 3663 ad
2200 3611 2407 3663 Arx-iau.
2444 3611 2497 3660 11
2535 3609 2562 3662 l

237 3712 242 3717 ·
326 3712 379 3766 p.
420 3696 535 3760 139,
573 3698 800 3753 Bredw.
837 3699 903 3749 de
938 3699 1078 3751 Dial.
1116 3698 1313 3749 Herod.
1350 3715 1402 3765 p.
1438 3696 1508 3752 99
1543 3715 1640 3766 sq„
1694 3705 1999 3752 constanter
2032 3713 2160 3750 vero
2197 3692 2336 3767 πρὸς
2365 3687 2565 3764 ,emprani
2595 3745 2603 3750 .

327 3787 592 3853 σφαγείςι
630 3779 981 3852 πρόσφαγμα
1019 3781 1206 3853 τύμβῳ
1233 3785 1426 3839 Aesch.
1463 3790 1517 3837 et
1531 3786 1732 3853 E·urip.‚
1767 3803 1818 3840 v,
1839 3788 2129 3838 Hermann.
2165 3784 2236 3835 ad
2253 3771 2458 3834 Hecub.
2482 3782 2566 3847 41,

325 3886 462 3939 quae
512 3887 633 3923 cum
670 3865 810 3937 πρός
861 3873 1153 3938 composita
1189 3887 1306 3923 esse
1359 3873 1680 3923 constructio
1732 3873 1939 3939 probat.
2045 3870 2188 3922 Alibi
2230 3886 2359 3922 vero
2417 3887 2495 3941 πρ
2506 3864 2567 3919 ὀ-

208 4009 217 4018 ,
323 3962 485 4019 θυμα
521 3956 801 4024 siguificat.

462 4040 520 4109 2)
554 4045 774 4097 Aristot.
807 4043 957 4096 Poet.
993 4042 1119 4093 XXI
1156 4041 1223 4094 17
1275 4040 1639 4111 ἐκτεταμένον
1691 4041 1806 4096 ἐστὶ
1842 4037 1902 4095 τὸ
1939 4036 2189 4123 πόληος
2222 4042 2318 4093 καὶ
2351 4036 2411 4092 τὸ
2450 4042 2569 4107 Πη-

324 4126 633 4198 ληιάδεω.
669 4129 915 4195 Apollon.
953 4129 1103 4181 Ocni.
1138 4125 1263 4182 503.
1296 4126 1366 4181 27
1401 4126 1462 4181 τὸ
1500 4134 1645 4182 τοῖα
1683 4126 1738 4186 ἐς
1773 4123 1832 4179 τὸ
1869 4129 2150 4179 τοιαῦτα
2186 4124 2570 4182 ἐπεκτεινόμε-

250 4235 257 4240 ·
325 4233 443 4271 νον.
481 4215 796 4283 Apollonius
830 4216 964 4268 alter
995 4217 1053 4267 iu
1085 4216 1267 4269 Lexic.
1308 4213 1390 4268 77.
1433 4214 1502 4269 10
1553 4208 1854 4286 ἑρπύζων
1888 4210 1999 4265 κατ’
2040 4210 2338 4267 ἔπέκτασιν
2373 4210 2565 4281 ἕρπυ-

328 4296 597 4364 σιάζων.
636 4303 755 4353 ΕΜ.
792 4300 910 4356 431.
946 4300 1015 4355 56
1051 4293 1257 4368 ἤνιπα
1293 4305 1386 4354 καὶ
1423 4298 1535 4354 κατ’
1576 4300 1869 4354 ἔπέκιασιν
1905 4295 2212 4366 ἧνίπαπα
2247 4306 2347 4354 etc.
