2946 4928
400 313 522 384 138
1153 315 1709 383 DISSERTATIO
1767 318 1875 384 VI.

397 495 538 546 sum
583 479 665 545 ad
707 479 936 566 Phryn.
981 478 1108 545 523
1155 479 1258 564 [cf.
1298 481 1486 547 Proll.
1511 480 1608 566 41,
1638 501 1698 547 n.
1722 480 1853 567 48],
1899 481 2255 548 Meinekius
2296 482 2363 546 in
2382 481 2634 564 Fragm.

398 583 567 649 Com.
612 583 750 649 Vol.
794 582 859 647 Π
904 582 1028 648 377
1075 601 1216 649 cum
1260 584 1490 650 Dorico
1534 589 1715 651 νῶσα
1760 585 2091 667 componit.

570 687 624 771 ἕ.
670 684 729 754 6.
818 686 1080 768 Ypsilon
1120 687 1360 753 nullam
1403 688 1468 751 in
1514 705 1584 754 se
1628 688 1853 770 recipit
1882 687 2338 770 diphthongum
2382 690 2638 768 praeter

396 796 467 872 ῐι,
515 783 589 856 ac
631 808 713 855 ne
759 790 836 854 de
880 790 999 873 hoc
1041 791 1297 872 quidem
1342 791 1498 855 satis
1544 796 1808 857 constat.
1899 790 2080 869 Quod
2123 790 2206 856 ad
2248 790 2324 856 Il.
2369 789 2524 856 XVI
2552 788 2637 856 99

400 893 792 975 adscriptum
814 896 929 972 est,
954 892 1390 958 Herodianum
1411 890 1612 977 ἐκδῦμ
1622 919 1690 959 εν
1712 897 1899 959 acuta
1940 894 2289 974 penultima
2331 894 2637 975 signasse,

394 996 563 1080 quod
605 998 662 1062 is
707 996 793 1061 sit
835 994 1180 1061 infinitivus
1224 1016 1340 1078 pro
1364 993 1711 1079 ἐκδύμεναι
1756 996 2020 1077 positus
2065 996 2292 1062 indicio
2317 1001 2433 1077 est,
2481 996 2639 1061 alios

382 1101 991 1183 properispomenon
1034 1096 1260 1163 fecisse
1305 1099 1387 1163 ad
1419 1096 1899 1180 significandum
1921 1099 2273 1188 optativum
2292 1100 2393 1165 vel
2415 1085 2641 1168 aoristi

393 1204 511 1283 vel,
556 1201 725 1285 quod
766 1201 1139 1268 Eustathius
1186 1201 1530 1267 credidisse
1573 1200 1839 1280 videtur,
1885 1201 2271 1283 praesentis3
2339 1202 2428 1268 sic
2471 1203 2641 1270 enim

394 1310 460 1372 et
501 1306 680 1371 illum
722 1304 1204 1387 interpretatur:
1253 1302 1691 1389 συγκέκοπται
1716 1301 1788 1369 ἐκ
1812 1309 1930 1371 τοῦ
1956 1300 2239 1389 «θύοιμεν,
2283 1309 2349 1371 et
2370 1305 2640 1372 similem

398 1409 581 1476 1370.
607 1407 647 1473 6
693 1406 768 1474 τὸ
817 1406 1147 1475 δαίνυτο
1194 1405 1299 1496 εἴη
1348 1402 1428 1474 ὃῖν
1472 1406 1770 1491 συγκοπὴ
1815 1401 1980 1486 ἴσως
2022 1405 2093 1474 ἐκ
2138 1406 2638 1489 τοῦξδαινῦοιτο,

276 1588 279 1592 ,
394 1531 556 1596 quae
621 1511 867 1593 plenior
930 1509 1134 1577 forma
1199 1530 1239 1576 a
1300 1511 1578 1578 librariis
1630 1501 1949 1575 interdum
1994 1511 2309 1578 selectiori
2350 1511 2444 1577 illi
2488 1531 2638 1594 sup-

388 1616 649 1699 ponitur
691 1618 766 1679 ut
802 1610 1160 1701 πηγνὺοιτο
1198 1615 1265 1680 in
1308 1613 1628 1680 codicibus
1672 1612 1832 1679 Plat.
1855 1612 2090 1678 Phaed.
2120 1612 2241 1679 118
2264 1613 2322 1678 A
2363 1632 2482 1695 pro
2506 1608 2638 1700 πή·-

394 1744 610 1805 γνυτο,
659 1717 828 1800 quod
871 1718 926 1783 si
971 1736 1049 1783 ex
1076 1717 1187 1783 illo
1211 1722 1603 1783 contractum
1647 1720 1835 1796 esset,
1881 1714 2638 1808 circumflexamvhaberet

393 1822 823 1905 penultimam.
933 1820 1155 1903 Neque
1200 1839 1358 1902 opus
1425 1824 1538 1885 est·
1568 1823 1837 1902 syncope
1884 1819 2283 1902 diphthongi,
2352 1820 2465 1887 sed.
2507 1820 2641 1900 iota

395 1926 599 1991 solum
630 1923 894 2006 optativi
918 1924 1517 2003 characteristicum,
1564 1923 1714 2005 quia
1736 1939 1879 1986 cum
1907 1923 2109 2004 ypsilo
2134 1922 2472 2003 discordat,
2493 1926 2637 1988 -sta-

393 2031 630 2095 tionem
654 2028 952 2107 deseruit,
1002 2047 1055 2093 v.
1079 2027 1343 2094 Elemm.
1367 2026 1399 2092 I
1423 2023 1756 2109 347[cf.11
1779 2023 1909 2109 30].
1996 2025 2221 2109 Itaque
2254 2027 2323 2097 ἷῑ
2346 2024 2486 2105 huc,
2530 2024 2643 2092 ubi

331 2162 340 2171 ·
395 2133 474 2198 de
498 2132 903 2214 diphthongis
934 2131 1161 2213 agitur,
1204 2148 1332 2195 non
1368 2130 1675 2195 convenit.
1703 2166 1777 2175 —
1808 2127 2125 2211 Synizesis
2170 2146 2361 2195 causa
2401 2147 2639 2194 memo·

394 2235 665 2302 randum
730 2240 830 2301 est
875 2238 1058 2302 ὁυοῖν
1122 2232 1623 2314 monosyllabum
1668 2229 1837 2314 apud
1883 2229 2280 2313 Sophoclem,
2351 2232 2519 2314 quod
2561 2232 2638 2300 li-

394 2340 653 2410 brorum
697 2355 1005 2404 consensu
1022 2415 1033 2422 p
1049 2338 1353 2403 adversus
1375 2335 1750 2402 Elmsleium
1794 2334 2170 2420 defenditur,
2214 2356 2272 2402 v.
2294 2335 2638 2402 Hermann.

395 2443 478 2509 ad
543 2441 699 2509 Oed.
766 2441 909 2526 Tyr.
967 2439 1110 2506 640.
1160 2479 1232 2488 —-
1282 2439 1528 2509 Eadem
1590 2440 1833 2506 ratione
1888 2437 2257 2522 Spitznerus
2328 2439 2408 2505 de
2452 2439 2637 2507 VerS.

393 2547 545 2613 Her.
598 2545 720 2613 188
788 2542 1101 2633 δακρύοις
1165 2542 1709 2625 pronunciandum
1774 2561 1915 2609 esse
1969 2548 2200 2611 censet.
2251 2581 2323 2591 —-
2372 2542 2637 2625 Ypsilon

393 2649 583 2717 finale
628 2654 775 2716 ante
798 2652 861 2721 ὦ
885 2647 1186 2714 omissum
1230 2651 1330 2712 est
1351 2647 1416 2712 in
1448 2665 1571 2712 uno
1606 2645 2042 2733 Synthetorum
2070 2643 2445 2734 τράχουρος,
2470 2647 2638 2730 quod
2751 2728 2760 2733 ·

394 2755 478 2821 ad
520 2753 751 2837 Phryn.
797 2750 921 2818 677
968 2768 1110 2817 eum
1154 2745 1566 2837 θρασαύχην,
1608 2748 2036 2837 βαθέσπερος
2078 2754 2194 2816 etc.
2240 2749 2475 2818 contuli
2497 2748 2577 2831 ²¹³).

1323 2987 1519 3054 CAP.
1589 2988 1697 3055 IV.

439 3141 553 3217 De
592 3138 1219 3245 ‘diphthongorum
1274 3138 1467 3210 inter
1520 3163 1595 3210 se
1649 3154 1718 3211 et
1772 3165 1926 3212 cum
1979 3138 2159 3212 aliis
2209 3136 2585 3214 vocalibus

1269 3276 1777 3350 commissione.

440 3479 450 3484 ·
566 3454 955 3537 Diphthongi
1008 3455 1251 3536 primae
1296 3454 1650 3536 exemplum
1693 3455 1946 3520 unicum
1993 3453 2247 3521 obvenit
2291 3447 2634 3536 κραιαίνω,

394 3557 562 3640 quod
603 3556 815 3640 Epim.
834 3557 867 3622 I
902 3556 1055 3623 242.
1091 3556 1135 3622 4
1175 3576 1304 3623 una
1349 3576 1494 3623 cum
1533 3557 1907 3641 imperativo
1951 3554 2230 3646 κρήηνον
2274 3555 2636 3636 pleonasmo

393 3659 619 3725 tribuit
685 3660 992 3726 diectasin
1050 3657 1426 3743 significans.
1478 3698 1548 3706 —
1602 3659 2064 3742 Peregrinitate
2129 3657 2382 3723 dialecti
2427 3657 2635 3723 exclu-

396 3763 566 3827 ditur
630 3763 1009 3843 interiectio,
1076 3781 1266 3843 quam
1333 3762 1716 3845 Apollonius,
1767 3762 1925 3828 Adv.
1982 3761 2127 3828 538.
2186 3760 2215 3826 1
2287 3779 2365 3827 ex
2432 3754 2640 3827 ὥαωί

396 3868 601 3930 ortam
666 3867 836 3947 dicit,
905 3862 1074 3953 ὅπερ
1123 3865 1573 3953 συναλειφθὲν
1631 3860 1783 3954 παρ’
1834 3860 2201 3930 Aioi-scola»
2244 3862 2420 3930 ἐστιν
2467 3853 2573 3949 ᾦα
2589 3885 2632 3935 ι,

533 4141 591 4207 ³¹³)
626 4141 842 4211 Aliquid
875 4143 1148 4197 additum-ue
1169 4143 1302 4212 fuit,
1336 4142 1382 4194 ci
1414 4141 1648 4204 licuisset,
1682 4140 1746 4193 de
1780 4140 1978 4193 levitate
2011 4139 2190 4207 opinor
2227 4143 2478 4196 autorum,
2512 4148 2637 4184 'nam

358 4262 367 4271 .
395 4229 453 4281 in
485 4230 721 4297 mem-ipto
754 4237 850 4282 est:
886 4232 1266 4300 ,βαθέσπερος
1293 4234 1392 4284 etc.
1419 4230 1635 4294 contuli,
1674 4225 1922 4297 φήσαι.)
1955 4222 2293 4279 auctoribus“
2310 4222 2636 4291 sinepzmoeo.

401 4315 574 4370 Pluma
608 4332 762 4385 quam
799 4315 1001 4386 Plu-yn.
1018 4316 1072 4369 ·l.
1107 4317 1145 4369 l.
1179 4335 1226 4370 v.
1264 4316 1418 4373 fath.
1455 4315 1499 4370 Ι
1525 4312 1645 4369 326.
