2946 4928
443 335 570 404 332
806 332 1230 400 EPILOGUS
1274 333 1389 398 DE
1434 331 2184 400 INTERPUNCTIONE
2227 333 2410 401 CUM

440 501 623 583 cepit,
668 496 736 565 τί
779 490 915 577 οὖν,
963 521 1063 574 τις
1107 492 1187 561 ἂν
1231 494 1449 570 εἷ’ποις
1522 501 1781 563 accentu
1829 497 2232 579 destitutum3
2302 498 2687 565 Turicenses

441 605 544 669 hic
587 596 833 684 quoque
877 601 1226 681 posituram
1271 600 1514 666 amoliti
1557 606 1707 665 sunt
1729 600 1819 683 ιι).
1908 600 2153 691 Vellem
2197 600 2278 665 ad
2322 601 2483 667 haec
2502 603 2688 682 prius

441 704 884 782 attendissem
954 704 1099 782 sed,
1165 704 1221 768 si
1287 704 1437 786 quid
1482 704 1566 768 ad
1607 721 1743 769 rem
1787 703 2183 769 enodandam
2249 704 2462 784 deest,
2530 723 2685 786 sup-

439 808 705 890 plebunt
748 806 884 871 alii<

614 962 649 1046 ξ
695 958 754 1024 4.
842 959 1080 1024 Verum
1124 978 1249 1025 non
1293 960 1553 1025 enclisin
1598 961 1782 1025 modo
1825 959 2245 1041 interpunctio
2291 961 2412 1026 sibi
2456 961 2686 1026 adver-

442 1072 687 1131 santem
730 1064 941 1142 habet,
990 1063 1102 1127 sed
1146 1063 1338 1127 etiam
1385 1062 1932 1144 synaloephen.
2019 1062 2280 1127 Initium
2316 1063 2691 1146 disputandi

441 1186 665 1233 rursus
712 1166 1066 1231 ducendum
1110 1171 1210 1229 est
1253 1184 1287 1228 a
1345 1165 1659 1245 vocativo,
1723 1165 1901 1229 cuius
1965 1164 2114 1229 bina
2180 1170 2329 1229 sunt
2393 1166 2691 1247 exempla

441 1269 867 1353 grammaticis
913 1267 1266 1346 observata,
1314 1285 1510 1331 unum
1541 1266 1834 1347 epitheti:
1883 1258 1924 1330 ἆ
1975 1263 2130 1334 δείλ’
2182 1260 2223 1354 ἦ
2267 1263 2450 1352 μάλα
2502 1266 2584 1353 δή
2614 1292 2688 1334 σε

441 1371 513 1436 Π.
557 1370 651 1435 ΧΙ
693 1368 840 1450 441,
908 1370 1180 1435 alterum
1224 1369 1491 1450 proprii:
1560 1360 1610 1433 ὦ
1654 1364 1820 1449 Σῶχ’
1859 1364 2196 1435 Ἱππάσου
2240 1367 2340 1436 υἱέ
2404 1370 2488 1435 ib.
2535 1370 2688 1446 45⁴0.

440 1474 537 1539 De
580 1473 699 1539 hoc
741 1473 896 1538 nihil
937 1473 1206 1553 legimus
1271 1471 1394 1536 nisi
1439 1470 1629 1536 schol.
1675 1470 1867 1536 vict:
1936 1464 1986 1536 ὦ
2031 1477 2213 1539 Σῶκε
2272 1472 2545 1550 ἐντελῶς
2618 1468 2691 1538 αἱ

436 1573 893 1663 Ἀριστάρχου.
980 1574 1147 1640 Illud
1213 1573 1615 1638 Herodianus
1675 1572 2043 1640 Aristarcho
2111 1594 2408 1641 assensus
2448 1594 2515 1639 ‚a
2582 1593 2687 1641 se-

444 1679 781 1760 quentibus
828 1677 1141 1743 distinxit:
1191 1669 1231 1742 ἆ
1282 1672 1463 1750 δείλ’,
1513 1668 1552 1761 ἦ
1602 1714 1673 1722 -
1727 1676 1945 1742 addita
1987 1678 2262 1758 ratione,
2319 1676 2468 1743 ἐπεὶ
2513 1675 2688 1758 μετὰ

441 1780 561 1859 τὰς
606 1778 1214 1868 προσαγορευτικὰς
1260 1774 1508 1867 ἀνάγκη
1556 1776 1884 1861 στίζεινι).
1972 1779 2069 1845 De
2115 1780 2315 1846 altero
2380 1783 2554 1845 tacet
2622 1783 2691 1844 et

440 1904 567 1949 non
611 1903 816 1966 aequa
860 1888 960 1948 est
1002 1885 1333 1965 utriusque
1378 1883 1774 1947 continentia.
1862 1880 2027 1947 Nam
2093 1884 2287 1948 verba
2343 1877 2688 1948 Ἱππάσου

443 1983 543 2052 υἷέ
586 1987 743 2051 nihil
787 1985 958 2050 aliud
1005 1991 1153 2050 sunt
1196 2003 1385 2066 quam
1429 1985 1816 2066 periphrasis
1839 1986 2252 2067 patronymici
2287 1980 2684 2072 “,lnnaoaedq

441 2089 750 2170 quomodo
796 2082 1048 2186 saepius
1091 2087 1323 2169 legitur
1369 2079 1421 2152 ὦ
1466 2087 1729 2175 Νέστορ
1775 2083 2156 2176 Νηληιάδη,
2225 2107 2339 2170 pro
2382 2092 2686 2170 patrony-

445 2191 622 2255 micis
667 2195 880 2255 autem
922 2209 1047 2254 non
1091 2208 1236 2254 raro
1279 2195 1668 2271 usurpantur
1712 2190 2020 2255 adiectiva
2062 2191 2448 2272 possessiva:
2496 2181 2688 2256 Αἶαν

450 2290 851 2375 Τελαμώνιε.
943 2292 1192 2369 Quanto
1258 2298 1470 2357 autem
1534 2293 1781 2374 longius
1846 2282 1964 2358 hoc
2030 2294 2110 2359 ab
2176 2294 2686 2375 interpunctione

443 2396 759 2476 abhorret,
819 2399 997 2460 tanto
1042 2394 1314 2460 alacrius
1359 2393 1779 2479 suffragamur
1822 2395 2116 2461 Bekkero
2161 2413 2402 2461 comma
2446 2397 2688 2462 delenti

442 2519 568 2564 non
613 2500 815 2565 solum
857 2499 965 2564 illo
1009 2499 1162 2577 loco,
1210 2498 1324 2562 sed
1369 2500 1562 2564 etiam
1608 2501 1749 2564 aliis
1794 2500 2077 2564 eiusdem
2123 2486 2390 2581 figurae:
2446 2496 2686 2585 Ἕκτορ

442 2598 540 2667 υἱὲ
585 2599 931 2686 Πριάμοιο
978 2601 1050 2664 Il.
1096 2600 1190 2664 XI
1233 2600 1378 2680 200,
1435 2596 1742 2688 Μηριόνη
1775 2596 2016 2668 Μόλου
2060 2598 2163 2669 υἱέ
2191 2602 2353 2668 ΧΙΠ
2395 2600 2522 2668 249
2546 2607 2687 2683 ete„

443 2979 813 3045 epitagmatico
848 2976 1134 3044 praefixum
1172 2956 1316 3029 acuit
1348 2979 1426 3045 μέ
1441 3015 1459 3042 ,
1518 2993 1621 3044 quo
1666 2979 1784 3030 loco
1821 2980 2294 3032 orthotonumenon
2331 2984 2594 3047 convenit,
2632 2999 2695 3036 ν.

444 3064 629 3116 Lehrs.
672 3066 887 3126 quaest.
926 3062 1028 3115 112
1064 3079 1162 3128 sq.²
1199 3070 1252 3115 et
1283 3063 1387 3115 hoc
1421 3064 1514 3116 ille
1548 3070 1771 3116 accentu
1805 3065 2133 3132 significasse
2167 3065 2390 3127 videtur.

582 3182 671 3246 11)
713 3175 813 3235 ’Ἆν
846 3176 1206 3250 praepositum
1260 3199 1419 3250 quum
1455 3184 1574 3236 aliis
1619 3185 1749 3236 locis
1783 3185 2003 3252 legitur,
2058 3190 2167 3245 tum
2222 3188 2278 3237 in
2312 3187 2451 3242 Plat.
2486 3187 2689 3241 Phaed.

443 3269 509 3323 87
545 3270 592 3321 A
650 3273 705 3319 τί
739 3256 859 3332 οὖν,
912 3263 984 3321 ἂν
1019 3274 1160 3339 φαίη
1198 3264 1226 3322 ὃ
1273 3266 1465 3337 λόγος,
1522 3270 1598 3323 ἔτι
1650 3267 1921 3333 ἀπιστεΐςς
1975 3271 2068 3322 ubi
2104 3272 2477 3324 Stallbaumius
2531 3272 2689 3324 imator-

433 3355 759 3422 pundionem
792 3355 851 3407 in
884 3357 1074 3408 talibus
1106 3357 1473 3408 intolerabilem
1505 3355 1781 3408 tollendam
1813 3356 2027 3410 iudicat.

583 3475 634 3540 l)
672 3479 828 3540 Quod
863 3479 929 3530 de
963 3484 1185 3531 accentu
1219 3480 1450 3539 vocativi
1486 3479 1627 3541 dicit,
1662 3494 1767 3528 non
1805 3477 2047 3554 omnihus
2078 3475 2355 3542 probatum
2377 3492 2496 3528 esse
2513 3483 2690 3530 osten-

448 3565 578 3614 dunt
617 3564 854 3630 exempla
897 3567 1183 3629 contraria,
1237 3580 1370 3631 quae
1424 3565 1527 3616 hac
1571 3565 1775 3616 demum
1822 3569 1996 3615 aetate
2039 3568 2276 3614 correcta
2320 3568 2465 3615 sunt:
2523 3559 2691 3627 22:328,

309 3608 358 3702 Ι.
442 3645 705 3718 Σπερχεῖ’
743 3653 809 3699 ‘et
860 3651 1071 3714 saepius
1127 3642 1231 3701 εἶπ’
1287 3650 1368 3701 dic
1421 3650 1522 3703 Od.
1557 3651 1625 3700 lx
1662 3647 1787 3711 279,
1845 3650 1942 3699 XV
1978 3646 2105 3713 347,
2159 3650 2276 3701 XV]
2313 3647 2440 3713 131,
2500 3651 2689 3702 Aeseh.

443 3735 679 3802 Choeph.
713 3733 816 3787 915
855 3731 1020 3797 (902),
1059 3722 1186 3807 κῇᾳί
1228 3728 1454 3787 Theocr.
1489 3736 1528 3786 11
1568 3733 1691 3799 101,
1729 3731 1857 3803 φῆσ’
1896 3737 1952 3785 in
1987 3725 2268 3786 Machonis
2300 3751 2457 3786 versu
2493 3735 2688 3788 Athen.
2764 3782 2773 3789 .

444 3822 547 3873 Xlu
582 3819 687 3874 578
720 3823 784 3886 Ε,
820 3823 1094 3886 ipsumque
1129 3807 1164 3870 ἆ
1204 3808 1331 3873 den*
1374 3822 1553 3884 Quint.
1589 3821 1656 3871 Vl
1692 3821 1754 3873 41
1801 3826 1854 3872 et
1891 3819 2009 3883 414,
2064 3821 2206 3886 quod
2240 3836 2381 3871 nunc
2416 3835 2479 3871 ex
2510 3821 2692 3873 Wolfii

446 3910 657 3960 decreto
692 3911 1017 3961 immutatum
1055 3912 1150 3971 est,
1188 3908 1281 3958 sed
1317 3908 1492 3958 adhue
1527 3900 2159 3959 mauetAuthol.V11466
2194 3911 2248 3957 et
2265 3906 2691 3972 Apollomllffld

448 3993 512 4061 [v.
538 4011 598 4062 p.
619 3993 717 4046 311
743 4002 788 4045 et
806 3990 929 4055 316,
948 3993 1054 4043 Vol.
1090 3989 1241 4044 1284
1262 4010 1317 4043 n.
1340 3990 1444 4058 121.
1481 3993 1584 4044 His
1604 3993 1772 4044 simile
1790 3992 1925 4043 foret
1957 3988 2145 4058 νοῶ-ἦν’
2186 3986 2298 4062 ὁρῶ
2340 3993 2396 4042 in
2420 3993 2692 4061 Euripidis

449 4096 633 4144 versu,
688 4085 741 4131 et
776 4082 852 4131 sic
887 4080 1110 4130 fortasse
1145 4079 1488 4145 Hegelochus
1524 4080 1961 4145 pronunciaturus
1997 4082 2133 4146 erat,
2191 4079 2236 4129 si
2290 4078 2534 4130 durasset
2585 4081 2693 4145 spi·

404 4156 410 4160 ’
451 4168 600 4231 ritus,
639 4167 732 4217 sed
750 4167 957 4217 animae
990 4166 1367 4216 interclusione
1403 4164 1692 4231 paullulum
1726 4163 1958 4216 substitit
1990 4169 2112 4230 post
2145 4159 2363 4232 γαλῆιῖ,
2400 4166 2478 4215 sic
2512 4169 2571 4216 ut
2605 4181 2693 4222 ca·

452 4253 722 4304 villatores
753 4253 853 4303 sibi
886 4254 1147 4316 integrum
1185 4251 1362 4317 γαλῆν
1396 4252 1581 4303 audire
1615 4251 1928 4303 viderentur.
1969 4248 2196 4319 [Parall.
2234 4247 2337 4303 198
2371 4257 2418 4303 et
2453 4250 2692 4305 Addmd.

450 4339 520 4390 ad
558 4338 759 4392 Pathol.
798 4338 840 4391 I
866 4334 968 4389 604
1004 4337 1128 4389 adn.
1164 4332 1272 4406 32]
