2946 4928
452 319 566 383 DE
615 318 1100 399 SYNAERESI,
1147 318 1546 384 DIAERESI
1592 326 1707 400 ete,
1775 322 1841 385 P.
1866 322 1947 385 II.
1996 321 2130 386 C.I.
2178 323 2231 405 ἓ.
2257 323 2313 386 4.
2432 319 2513 386 63

274 485 542 562 assolet3
590 483 893 565 synizesis
939 479 1194 561 ἐύξοον,
1242 502 1431 565 quam
1477 485 1616 549 edd.
1663 489 1809 549 ante
1834 476 2017 549 Wolf.
2065 484 2376 563 exhibent,
2423 484 2515 548 illi

276 587 518 652 nullam
563 587 924 651 mentionen
943 586 1198 650 faciunt.
1218 622 1287 632 —-
1309 587 1383 649 In
1426 576 2068 669 parte'synthetorum
2103 587 2321 667 *priore
2367 589 2515 651 sub-

280 689 575 767 stantiva,
621 708 783 770 quae
850 688 951 753 hic
1018 689 1341 770 attigimus
1357 739 1371 767 ,
1437 709 1562 753 non
1628 690 2029 755 inveniuntur
2093 695 2347 773 praeter
2369 690 2515 755 .duo

278 797 621 857 νουθετεῖν
664 796 733 855 et
776 788 1228 873 vovssvomusig,
1298 790 1527 871 quibus
1572 791 1833 857 Nonnus
1901 791 2144 857 affinxit
2201 812 2324 857 non
2371 811 2515 858 oon-

276 900 485 960 tracta
529 891 914 980 νοοβλαβὴς,
964 891 1370 980 νοοσφαλής,
1419 899 1485 958 et
1533 897 2006 959 πλουὸοκεῖνθ.
2052 894 2378 975 Cicerone,
2420 902 2519 960 ‘ut
2605 960 2610 966 ,

278 998 546 1076 videtur,
591 996 996 1074 fabricatum,
1060 1000 1125 1059 et
1183 996 1262 1060 ab
1304 996 1430 1060 alio
1473 997 1725 1077 nomine
1768 1002 2146 1079 βουθυτεῖν,
2189 994 2518 1079 βούνομος
2583 985 2598 989 ’

279 1106 416 1179 ete„
463 1120 626 1182 quae
672 1099 832 1179 epici
874 1098 1255 1179 posteriores
1300 1100 1541 1180 pariter
1586 1099 1668 1164 ad
1714 1099 2146 1180 integritatem
2189 1105 2514 1165 revocant:

276 1202 627 1285 βοοσσὸος,
673 1197 1043 1282 βοοκλόπος
1078 1239 1148 1247 -
1180 1201 1648 1266 Adiectivorum
1694 1202 2087 1282 simplicium,
2134 1221 2296 1284 quae
2322 1202 2515 1284 bisyl—

276 1305 512 1373 labiam
557 1306 883 1385 excedunt,
930 1306 1053 1369 duo
1098 1305 1363 1385 gradum
1410 1309 1683 1383 servant,
1730 1301 1926 1382 ὀλοάς
1957 1311 2022 1368 et
2047 1299 2298 1388 ἷίγδοος.
2350 1305 2517 1386 quod

287 1407 596 1472 Homerus
665 1426 747 1472 ne
811 1413 1014 1472 metro
1068 1408 1321 1489 quidem
1373 1412 1638 1487 urgente
1669 1408 1996 1471 =contraxit
2064 1406 2178 1471 Od.
2223 1407 2346 1472 VII
2392 1405 2512 1471 261

282 1507 419 1573 ἀλλ’
476 1508 714 1594 ὅτεῆδὴ
764 1503 995 1594 ὄγδοόν
1042 1535 1151 1583 μοι
1203 1509 1369 1587 ἔτος.
1438 1510 1552 1573 sed
1617 1510 1826 1591 potius
1872 1509 2320 1591 synecphonesi
2364 1528 2516 1574 usus

279 1618 405 1691 est3
438 1630 556 1677 nec
578 1613 912 1694 quisquam
934 1611 1194 1677 offendit
1213 1617 1468 1692 praeter
1483 1609 1905 1691 Dindorfium3
1929 1613 1983 1676 is
2010 1613 2175 1677 enim
2192 1611 2517 1697 [etBekk.]

281 1715 358 1798 δὴ
403 1711 730 1800 ὅγδόατον
774 1716 969 1780 edidit
1017 1715 1259 1780 duobus
1280 1714 1602 1804 vocabulis
1645 1733 1760 1796 per
1806 1715 2227 1796 synaloephen
2270 1716 2516 1780 iunctis.

276 1818 399 1886 Pro
449 1823 661 1882 aetate
728 1822 793 1882 et
845 1818 1053 1882 indole
1098 1819 1475 1899 scriptorum
1520 1817 1769 1882 variant
1814 1813 2090 1903 ἁθρόος.
2120 1823 2186 1882 et
2233 1816 2517 1903 ὁίκροος,

280 1920 447 2000 quod
492 1908 774 1984 nonnulli
829 1939 971 1987 cum
1015 1921 1206 1985 verbo
1253 1918 1488 2008 (κρόω)
1537 1921 1952 2002 compositum
2017 1925 2245 2001 putant
2288 1925 2360 1984 ut
2407 1917 2516 2005 ὀρ-

282 2019 620 2098 nummio&
659 2019 1014 2102 θυοσκόος,
1052 2020 1360 2107 πυρκόος.
1450 2022 1870 2104 Plurisyllaba
1897 2023 2070 2087 nulla
2094 2028 2241 2086 sunt
2263 2027 2518 2104 praeter

280 2142 442 2205 quae
490 2123 570 2187 ab
615 2142 739 2187 uno
783 2123 974 2188 verbo
1021 2125 1315 2191 audiendi
1361 2128 1553 2191 dueta
1598 2131 1744 2190 sunt
1791 2120 2104 2212 ἀνήκοος,
2149 2121 2519 2210 βαριιήκοος

282 2232 399 2292 eto.
490 2226 670 2290 Haeo
736 2230 948 2290 autem
1013 2230 1110 2290 tot
1173 2227 1327 2292 locis
1385 2228 1860 2309 confirmantur,
1898 2233 2002 2317 ⁸ut
2046 2232 2367 2293 eontracta
2412 2246 2516 2291 su-

282 2329 623 2409 spicionem
668 2327 944 2409 effugere
988 2347 1112 2393 non
1155 2332 1416 2410 possint,
1463 2351 1590 2412 qua
1632 2331 1814 2396 facile
1858 2331 2163 2396 liberatur
2199 2325 2518 2415 ὀξυήκους

283 2430 504 2497 Galen.
552 2432 630 2498 de
679 2430 845 2496 Med.
890 2449 950 2513 p.
996 2431 1176 2497 Locc.
1221 2432 1318 2497 III
1365 2432 1491 2498 644
1539 2434 1607 2499 T.
1654 2434 1780 2499 XII
1813 2435 1858 2518 ¹)
1906 2440 1973 2499 et
2016 2434 2070 2499 si
2115 2432 2267 2516 quid
2313 2432 2515 2515 simile

280 2535 529 2614 incidit3
598 2539 736 2611 τοῖς
784 2528 1336 2615 ὃξυηκουστάίοις
1394 2535 1561 2600 Sext.
1611 2538 1749 2602 adv.
1796 2537 1981 2619 Phys,
2029 2538 2077 2601 I.
2113 2555 2174 2621 c.
2223 2536 2322 2601 65.
2368 2534 2512 2614 566,

280 2638 449 2719 quod
512 2637 844 2702 Bekkerus
913 2658 971 2718 p.
1029 2636 1174 2717 406,
1242 2637 1326 2703 26
1393 2638 1734 2704 inoffensus
1801 2640 2179 2717 transmisit,
2247 2624 2515 2701 fortasse

279 2739 760 2821 relinquendum
805 2744 904 2804 est
948 2740 1241 2820 scriptori
1281 2743 1586 2806 memoria
1630 2743 2027 2807 dissimilium
2066 2735 2514 2815 εὐνούστατος,

282 2837 767 2925 εὐφυέστατος
811 2847 929 2906 etc,
974 2843 1039 2905 in
1077 2861 1355 2907 errorem
1401 2844 1673 2909 inducto.
1728 2881 1797 2892 --
1849 2845 2136 2925 Denique
2182 2842 2515 2923 diphthon-

279 2964 396 3026 gus
439 2944 552 3008 illa
593 2943 912 3008 interdum
977 2945 1259 3009 nascitur
1322 2965 1396 3011 ex
1443 2949 1889 3028 com-positione
1934 2965 2184 3025 vocum,
2252 2961 2518 3026 quarum

230 3061 236 3066 ·
279 3066 406 3111 una
448 3045 488 3115 ἴ
516 3047 583 3110 in
627 3046 817 3124 exitu,
865 3046 1068 3110 altera
1111 3048 1175 3111 in
1218 3050 1524 3129 principio
1567 3049 1776 3114 habet.
1866 3050 1943 3115 Id
1986 3048 2334 3114 certissimo¹
2372 3065 2515 3111 con-

281 3155 413 3213 stat
456 3149 536 3213 de
580 3148 1041 3229 praepositione
1091 3147 1225 3234 πρό
1272 3169 1433 3231 quae
1480 3169 1672 3231 quum
1720 3152 1868 3216 elidi
1901 3171 2026 3216 non
2047 3152 2264 3234 possit,
2311 3149 2516 3213 crasin

280 3251 453 3316 subit
496 3269 625 3315 non
666 3251 870 3315 solum
914 3252 1083 3331 apud
1145 3257 1365 3334 poetas
1433 3254 1739 3318 scenicos:
1812 3250 2243 3340 προῦφείλειν
2287 3254 2515 3337 Eur.²),

281 3350 672 3440 προῦμόσας
716 3354 961 3433 Aesch.,
1008 3374 1169 3435 quae
1203 3355 1413 3423 videri
1456 3360 1725 3436 possunt
1766 3361 1968 3419 metro
2015 3373 2312 3420 concessa
2357 3374 2516 3436 esse,

281 3458 394 3522 sed
439 3457 635 3521 etiam
683 3448 1023 3540 προῦπτον
1056 3457 1226 3538 apud
1250 3457 1545 3539 Thucyd.,
1593 3476 1952 3544 quanquam
1978 3458 2147 3523 idem
2191 3477 2332 3523 cum
2378 3457 2517 3522 aliis

281 3559 589 3648 πρὸοψις
633 3559 792 3624 dixit
835 3565 900 3623 et
949 3564 1267 3647 προορᾷν,
1315 3561 1483 3625 unde
1506 3559 1649 3624 EM.
1699 3559 1992 3646 φρουρός
2036 3562 2136 3645 (ut
2182 3557 2515 3647 ἐπίουρος)

279 3659 517 3727 factum
542 3679 685 3726 esse
710 3663 918 3741 sumit,
965 3667 1030 3726 et
1055 3666 1411 3748 φροῦδοςε
1457 3661 1743 3750 πρόοδος
1785 3664 1885 3728 vel
1928 3665 2139 3745 potius
2172 3666 2303 3749 πρὸ
2354 3659 2517 3730 ὁδοῦ

279 3766 643 3849 γενόμενος.
665 3802 734 3811 --
755 3765 935 3829 Aliae
981 3765 1278 3829 orationis
1323 3771 1539 3846 partes
1575 3767 1640 3830 in
1664 3785 1951 3831 sermone
1973 3768 2218 3847 poetico
2240 3766 2519 3833 vocalem

417 4044 470 4108 l)
526 4044 590 4094 In
626 4043 899 4094 Thesauro
935 4039 1206 4109 perperam
1243 4043 1458 4092 affertur
1496 4058 1560 4091 ex
1597 4040 1660 4094 T.
1698 4042 1828 4091 XIII
1864 4041 1987 4095 404.
2060 4043 2280 4093 Rectum
2318 4038 2518 4105 πολυή-

278 4148 406 4190 κοος
437 4121 633 4197 legitui·
666 4132 721 4180 in
759 4130 1028 4195 proximis.
1790 4193 1796 4194 ⁷

412 4214 473 4278 2)
527 4216 780 4267 Matthiae
815 4232 866 4281 p.
906 4214 1005 4267 153
1059 4230 1178 4265 eum
1229 4213 1334 4263 alia
1388 4212 1645 4263 admiscet
1679 4228 1712 4263 a
1749 4204 1909 4263 caush,
1948 4212 2178 4263 alienata
2230 4216 2338 4259 tum
2375 4222 2517 4258 men·

280 4302 466 4355 closum
504 4293 840 4372 προῦφειλες
874 4301 1034 4366 Vesp.
1073 4298 1122 4363 3,
1160 4299 1299 4364 quod
1335 4298 1627 4349 Elmsleius
1664 4299 1904 4350 correxit.
