<?xml version="1.0" encoding="UTF-8"?>
<!DOCTYPE html PUBLIC "-//W3C//DTD XHTML 1.0 Transitional//EN"
    "http://www.w3.org/TR/xhtml1/DTD/xhtml1-transitional.dtd">
<html xmlns="http://www.w3.org/1999/xhtml" xml:lang="en" lang="en">
 <head>
  <title>
</title>
<meta http-equiv="Content-Type" content="text/html;charset=utf-8" />
  <meta name='ocr-system' content='tesseract 3.04.00' />
  <meta name='ocr-capabilities' content='ocr_page ocr_carea ocr_par ocr_line ocrx_word'/>
</head>
<body>
  <div class='ocr_page' id='page_1' title='image "./pathologiaegrae02lobegoog_0015.png"; bbox 0 0 2946 4928; ppageno 0'>
   <div class='ocr_carea' id='block_1_1' title="bbox 913 387 2563 456">
    <p class='ocr_par' dir='ltr' id='par_1_1' title="bbox 913 387 2563 456">
     <span class='ocr_line' id='line_1_1' title="bbox 913 387 2563 456; baseline -0.001 0"><span class='ocrx_word' id='word_1_1' title='bbox 913 389 1184 456; x_wconf 83' lang='lat' dir='ltr'>INDEX</span> <span class='ocrx_word' id='word_1_2' title='bbox 1225 387 1995 456; x_wconf 86' lang='lat' dir='ltr'><strong>DISSERTATIONUM.</strong></span> <span class='ocrx_word' id='word_1_3' title='bbox 2464 388 2563 454; x_wconf 85' lang='lat' dir='ltr'><strong>XI</strong></span> 
     </span>
    </p>
   </div>
   <div class='ocr_carea' id='block_1_2' title="bbox 312 550 2569 772">
    <p class='ocr_par' dir='ltr' id='par_1_2' title="bbox 312 550 2569 772">
     <span class='ocr_line' id='line_1_2' title="bbox 312 550 2569 656; baseline -0.001 -24"><span class='ocrx_word' id='word_1_4' title='bbox 312 553 650 656; x_wconf 74' lang='lat' dir='ltr'><strong>Epilogus</strong></span> <span class='ocrx_word' id='word_1_5' title='bbox 702 551 790 630; x_wconf 82' lang='lat' dir='ltr'><strong>de</strong></span> <span class='ocrx_word' id='word_1_6' title='bbox 839 550 1414 654; x_wconf 76' lang='lat' dir='ltr'><strong>interpunctione</strong></span> <span class='ocrx_word' id='word_1_7' title='bbox 1479 575 1640 629; x_wconf 77' lang='lat' dir='ltr'><strong>eum</strong></span> <span class='ocrx_word' id='word_1_8' title='bbox 1694 551 1947 630; x_wconf 79' lang='lat' dir='ltr'><strong>enclisi</strong></span> <span class='ocrx_word' id='word_1_9' title='bbox 2015 557 2090 630; x_wconf 90' lang='lat' dir='ltr'><strong>et</strong></span> <span class='ocrx_word' id='word_1_10' title='bbox 2141 551 2569 654; x_wconf 70' lang='lat' dir='ltr'><strong>synaloephe</strong></span> 
     </span>
     <span class='ocr_line' id='line_1_3' title="bbox 1074 669 1812 772; baseline -0.004 -23"><span class='ocrx_word' id='word_1_11' title='bbox 1074 669 1454 749; x_wconf 81' lang='lat' dir='ltr'><strong>coniuncta</strong></span> <span class='ocrx_word' id='word_1_12' title='bbox 1503 699 1580 772; x_wconf 89' lang='lat' dir='ltr'><strong>p.</strong></span> <span class='ocrx_word' id='word_1_13' title='bbox 1638 675 1812 747; x_wconf 84' lang='lat'><strong>319.</strong></span> 
     </span>
    </p>
   </div>
   <div class='ocr_carea' id='block_1_3' title="bbox 542 844 2572 1685">
    <p class='ocr_par' dir='ltr' id='par_1_3' title="bbox 542 844 2572 1169">
     <span class='ocr_line' id='line_1_4' title="bbox 542 844 2567 912; baseline 0.001 -15"><span class='ocrx_word' id='word_1_14' title='bbox 542 847 574 909; x_wconf 99' lang='lat'>5</span> <span class='ocrx_word' id='word_1_15' title='bbox 608 844 633 897; x_wconf 89' lang='lat'>1</span> <span class='ocrx_word' id='word_1_16' title='bbox 695 846 761 897; x_wconf 88' lang='lat' dir='ltr'><strong>de</strong></span> <span class='ocrx_word' id='word_1_17' title='bbox 797 860 871 909; x_wconf 82' lang='lat' dir='ltr'><strong>ny</strong></span> <span class='ocrx_word' id='word_1_18' title='bbox 907 844 1264 909; x_wconf 81' lang='lat' dir='ltr'><strong>ephelcystico</strong></span> <span class='ocrx_word' id='word_1_19' title='bbox 1300 848 1424 894; x_wconf 84' lang='lat' dir='ltr'><strong>ante</strong></span> <span class='ocrx_word' id='word_1_20' title='bbox 1456 845 1796 910; x_wconf 72' lang='lat' dir='ltr'><strong>parenthesin</strong></span> <span class='ocrx_word' id='word_1_21' title='bbox 1843 849 1898 896; x_wconf 91' lang='lat' dir='ltr'><strong>et</strong></span> <span class='ocrx_word' id='word_1_22' title='bbox 1941 847 1996 896; x_wconf 89' lang='lat' dir='ltr'><strong>in</strong></span> <span class='ocrx_word' id='word_1_23' title='bbox 2032 847 2172 897; x_wconf 83' lang='lat' dir='ltr'><strong>exitu</strong></span> <span class='ocrx_word' id='word_1_24' title='bbox 2207 846 2321 896; x_wconf 84' lang='lat' dir='ltr'><strong>eins</strong></span> <span class='ocrx_word' id='word_1_25' title='bbox 2355 863 2409 912; x_wconf 86' lang='lat' dir='ltr'><strong>p.</strong></span> <span class='ocrx_word' id='word_1_26' title='bbox 2444 844 2567 911; x_wconf 78' lang='lat'>321,</span> 
     </span>
     <span class='ocr_line' id='line_1_5' title="bbox 692 928 2570 997; baseline 0.001 -15"><span class='ocrx_word' id='word_1_27' title='bbox 692 932 759 982; x_wconf 91' lang='lat' dir='ltr'><strong>de</strong></span> <span class='ocrx_word' id='word_1_28' title='bbox 811 935 1034 981; x_wconf 80' lang='lat' dir='ltr'><strong>accentu</strong></span> <span class='ocrx_word' id='word_1_29' title='bbox 1089 928 1261 978; x_wconf 86' lang='lat' dir='ltr'><strong>verbi·</strong></span> <span class='ocrx_word' id='word_1_30' title='bbox 1306 932 1459 997; x_wconf 79' lang='grc' dir='ltr'><strong><em>φημί</em></strong></span> <span class='ocrx_word' id='word_1_31' title='bbox 1516 932 1571 980; x_wconf 88' lang='lat' dir='ltr'><strong>in</strong></span> <span class='ocrx_word' id='word_1_32' title='bbox 1637 929 1937 997; x_wconf 75' lang='lat' dir='ltr'><strong>parenthesi</strong></span> <span class='ocrx_word' id='word_1_33' title='bbox 1998 931 2157 996; x_wconf 88' lang='lat' dir='ltr'><strong>positi</strong></span> <span class='ocrx_word' id='word_1_34' title='bbox 2210 947 2262 996; x_wconf 90' lang='lat' dir='ltr'><strong>p.</strong></span> <span class='ocrx_word' id='word_1_35' title='bbox 2308 928 2436 995; x_wconf 73' lang='lat'><strong>322,</strong></span> <span class='ocrx_word' id='word_1_36' title='bbox 2503 933 2570 984; x_wconf 88' lang='lat' dir='ltr'><strong>de</strong></span> 
     </span>
     <span class='ocr_line' id='line_1_6' title="bbox 704 1014 2572 1083; baseline 0.001 -15"><span class='ocrx_word' id='word_1_37' title='bbox 704 1021 927 1069; x_wconf 86' lang='lat' dir='ltr'><strong>accentu</strong></span> <span class='ocrx_word' id='word_1_38' title='bbox 962 1014 1337 1066; x_wconf 84' lang='lat' dir='ltr'><strong>vocabulorum</strong></span> <span class='ocrx_word' id='word_1_39' title='bbox 1370 1016 1709 1083; x_wconf 79' lang='lat' dir='ltr'><strong>parenthesin</strong></span> <span class='ocrx_word' id='word_1_40' title='bbox 1743 1016 2161 1068; x_wconf 83' lang='lat' dir='ltr'><strong>antecedentium</strong></span> <span class='ocrx_word' id='word_1_41' title='bbox 2200 1023 2253 1069; x_wconf 89' lang='lat' dir='ltr'><strong>et</strong></span> <span class='ocrx_word' id='word_1_42' title='bbox 2285 1018 2351 1069; x_wconf 91' lang='lat' dir='ltr'><strong>de</strong></span> <span class='ocrx_word' id='word_1_43' title='bbox 2387 1019 2572 1070; x_wconf 88' lang='lat' dir='ltr'><strong>enclisi</strong></span> 
     </span>
     <span class='ocr_line' id='line_1_7' title="bbox 690 1096 1265 1169; baseline -0.003 -16"><span class='ocrx_word' id='word_1_44' title='bbox 690 1103 838 1153; x_wconf 89' lang='lat' dir='ltr'><strong>verbi</strong></span> <span class='ocrx_word' id='word_1_45' title='bbox 879 1104 1031 1169; x_wconf 73' lang='grc' dir='ltr'><em>φημί</em></span> <span class='ocrx_word' id='word_1_46' title='bbox 1060 1117 1111 1165; x_wconf 84' lang='grc' dir='ltr'><strong>Ρ.</strong></span> <span class='ocrx_word' id='word_1_47' title='bbox 1148 1096 1265 1152; x_wconf 78' lang='lat'><strong>323.</strong></span> 
     </span>
    </p>

    <p class='ocr_par' dir='ltr' id='par_1_4' title="bbox 554 1186 2500 1254">
     <span class='ocr_line' id='line_1_8' title="bbox 554 1186 2500 1254; baseline -0.001 -15"><span class='ocrx_word' id='word_1_48' title='bbox 554 1193 584 1252; x_wconf 84' lang='lat'>5</span> <span class='ocrx_word' id='word_1_49' title='bbox 619 1186 654 1239; x_wconf 77' lang='lat'><strong>2</strong></span> <span class='ocrx_word' id='word_1_50' title='bbox 713 1190 778 1239; x_wconf 88' lang='lat' dir='ltr'><strong>de</strong></span> <span class='ocrx_word' id='word_1_51' title='bbox 815 1186 1002 1239; x_wconf 86' lang='lat' dir='ltr'><strong>enclisi</strong></span> <span class='ocrx_word' id='word_1_52' title='bbox 1033 1201 1268 1251; x_wconf 90' lang='lat' dir='ltr'><strong>pronom.</strong></span> <span class='ocrx_word' id='word_1_53' title='bbox 1307 1202 1516 1253; x_wconf 85' lang='lat' dir='ltr'><strong>person.</strong></span> <span class='ocrx_word' id='word_1_54' title='bbox 1551 1186 1702 1237; x_wconf 90' lang='lat' dir='ltr'><strong>initio</strong></span> <span class='ocrx_word' id='word_1_55' title='bbox 1737 1188 2068 1253; x_wconf 78' lang='lat' dir='ltr'><strong>parenthesis</strong></span> <span class='ocrx_word' id='word_1_56' title='bbox 2103 1189 2262 1254; x_wconf 85' lang='lat' dir='ltr'><strong>positi</strong></span> <span class='ocrx_word' id='word_1_57' title='bbox 2295 1206 2346 1254; x_wconf 89' lang='lat' dir='ltr'><strong>p.</strong></span> <span class='ocrx_word' id='word_1_58' title='bbox 2384 1187 2500 1242; x_wconf 72' lang='lat'><strong>325.</strong></span> 
     </span>
    </p>

    <p class='ocr_par' dir='ltr' id='par_1_5' title="bbox 545 1271 2569 1512">
     <span class='ocr_line' id='line_1_9' title="bbox 545 1271 2559 1339; baseline 0 -11"><span class='ocrx_word' id='word_1_59' title='bbox 545 1279 576 1338; x_wconf 87' lang='lat'>5</span> <span class='ocrx_word' id='word_1_60' title='bbox 611 1274 645 1328; x_wconf 89' lang='grc'><strong>3</strong></span> <span class='ocrx_word' id='word_1_61' title='bbox 698 1276 765 1326; x_wconf 89' lang='lat' dir='ltr'><strong>de</strong></span> <span class='ocrx_word' id='word_1_62' title='bbox 801 1278 1027 1325; x_wconf 88' lang='lat' dir='ltr'><strong>accentu</strong></span> <span class='ocrx_word' id='word_1_63' title='bbox 1069 1271 1235 1323; x_wconf 86' lang='lat' dir='ltr'><strong>dativi</strong></span> <span class='ocrx_word' id='word_1_64' title='bbox 1267 1274 1373 1338; x_wconf 79' lang='grc' dir='ltr'><strong>μοί</strong></span> <span class='ocrx_word' id='word_1_65' title='bbox 1402 1273 1664 1324; x_wconf 79' lang='lat' dir='ltr'><strong>vocativis</strong></span> <span class='ocrx_word' id='word_1_66' title='bbox 1699 1274 1990 1339; x_wconf 84' lang='lat' dir='ltr'><strong>possessivi</strong></span> <span class='ocrx_word' id='word_1_67' title='bbox 2017 1289 2169 1339; x_wconf 91' lang='lat' dir='ltr'><strong>pron.</strong></span> <span class='ocrx_word' id='word_1_68' title='bbox 2205 1274 2325 1325; x_wconf 89' lang='lat' dir='ltr'><strong>loco</strong></span> <span class='ocrx_word' id='word_1_69' title='bbox 2343 1275 2559 1328; x_wconf 86' lang='lat' dir='ltr'><strong>adiunct</strong></span> 
     </span>
     <span class='ocr_line' id='line_1_10' title="bbox 694 1354 2569 1428; baseline 0.001 -17"><span class='ocrx_word' id='word_1_70' title='bbox 694 1378 744 1427; x_wconf 88' lang='lat' dir='ltr'><strong>p.</strong></span> <span class='ocrx_word' id='word_1_71' title='bbox 785 1354 890 1410; x_wconf 75' lang='lat'><strong>326</strong></span> <span class='ocrx_word' id='word_1_72' title='bbox 903 1396 917 1422; x_wconf 94' lang='lat'>,</span> <span class='ocrx_word' id='word_1_73' title='bbox 984 1359 1050 1409; x_wconf 87' lang='lat' dir='ltr'><strong>de</strong></span> <span class='ocrx_word' id='word_1_74' title='bbox 1102 1365 1328 1409; x_wconf 87' lang='lat' dir='ltr'><strong>accentu</strong></span> <span class='ocrx_word' id='word_1_75' title='bbox 1383 1363 1676 1410; x_wconf 89' lang='lat' dir='ltr'><strong>ceterorum</strong></span> <span class='ocrx_word' id='word_1_76' title='bbox 1729 1372 1918 1426; x_wconf 85' lang='lat' dir='ltr'><strong>pronn.</strong></span> <span class='ocrx_word' id='word_1_77' title='bbox 1970 1358 2332 1411; x_wconf 87' lang='lat' dir='ltr'><strong>encliticorum</strong></span> <span class='ocrx_word' id='word_1_78' title='bbox 2382 1377 2569 1428; x_wconf 87' lang='lat' dir='ltr'><strong>paren-</strong></span> 
     </span>
     <span class='ocr_line' id='line_1_11' title="bbox 706 1442 2291 1512; baseline 0.001 -16"><span class='ocrx_word' id='word_1_79' title='bbox 706 1446 881 1497; x_wconf 79' lang='lat' dir='ltr'><strong>thesin</strong></span> <span class='ocrx_word' id='word_1_80' title='bbox 917 1449 1075 1510; x_wconf 86' lang='lat' dir='ltr'><strong>atque</strong></span> <span class='ocrx_word' id='word_1_81' title='bbox 1108 1445 1585 1510; x_wconf 81' lang='lat' dir='ltr'><strong>interpunctionem</strong></span> <span class='ocrx_word' id='word_1_82' title='bbox 1621 1445 2048 1511; x_wconf 86' lang='lat' dir='ltr'><strong>subsequentium</strong></span> <span class='ocrx_word' id='word_1_83' title='bbox 2082 1461 2137 1512; x_wconf 87' lang='lat' dir='ltr'><strong>p.</strong></span> <span class='ocrx_word' id='word_1_84' title='bbox 2171 1442 2291 1499; x_wconf 76' lang='lat'><strong>328.</strong></span> 
     </span>
    </p>

    <p class='ocr_par' dir='ltr' id='par_1_6' title="bbox 547 1528 2176 1599">
     <span class='ocr_line' id='line_1_12' title="bbox 547 1528 2176 1599; baseline -0.001 -15"><span class='ocrx_word' id='word_1_85' title='bbox 547 1536 578 1595; x_wconf 89' lang='lat'>5</span> <span class='ocrx_word' id='word_1_86' title='bbox 613 1533 646 1584; x_wconf 80' lang='grc'>4</span> <span class='ocrx_word' id='word_1_87' title='bbox 702 1532 769 1583; x_wconf 88' lang='lat' dir='ltr'><strong>de</strong></span> <span class='ocrx_word' id='word_1_88' title='bbox 804 1531 1023 1583; x_wconf 86' lang='lat' dir='ltr'><strong>elisione</strong></span> <span class='ocrx_word' id='word_1_89' title='bbox 1056 1530 1258 1582; x_wconf 89' lang='lat' dir='ltr'><strong>vocalis</strong></span> <span class='ocrx_word' id='word_1_90' title='bbox 1294 1535 1420 1582; x_wconf 83' lang='lat' dir='ltr'><strong>ante</strong></span> <span class='ocrx_word' id='word_1_91' title='bbox 1452 1531 1933 1597; x_wconf 79' lang='lat' dir='ltr'><strong>interpunctionem</strong></span> <span class='ocrx_word' id='word_1_92' title='bbox 1965 1547 2018 1599; x_wconf 88' lang='lat' dir='ltr'><strong>p.</strong></span> <span class='ocrx_word' id='word_1_93' title='bbox 2055 1528 2176 1584; x_wconf 77' lang='lat'><strong>332.</strong></span> 
     </span>
    </p>

    <p class='ocr_par' dir='ltr' id='par_1_7' title="bbox 548 1615 2394 1685">
     <span class='ocr_line' id='line_1_13' title="bbox 548 1615 2394 1685; baseline -0.001 -14"><span class='ocrx_word' id='word_1_94' title='bbox 548 1620 579 1682; x_wconf 81' lang='lat'>5</span> <span class='ocrx_word' id='word_1_95' title='bbox 612 1616 646 1671; x_wconf 82' lang='lat'>5</span> <span class='ocrx_word' id='word_1_96' title='bbox 700 1617 764 1669; x_wconf 85' lang='lat' dir='ltr'><strong>de</strong></span> <span class='ocrx_word' id='word_1_97' title='bbox 804 1616 1027 1668; x_wconf 89' lang='lat' dir='ltr'><strong>elisione</strong></span> <span class='ocrx_word' id='word_1_98' title='bbox 1046 1617 1250 1670; x_wconf 85' lang='lat' dir='ltr'><strong>vocalis</strong></span> <span class='ocrx_word' id='word_1_99' title='bbox 1284 1617 1503 1668; x_wconf 84' lang='lat' dir='ltr'><strong>initialis</strong></span> <span class='ocrx_word' id='word_1_100' title='bbox 1537 1621 1659 1684; x_wconf 88' lang='lat' dir='ltr'><strong>post</strong></span> <span class='ocrx_word' id='word_1_101' title='bbox 1690 1617 2163 1684; x_wconf 81' lang='lat' dir='ltr'><strong>interpunctionem</strong></span> <span class='ocrx_word' id='word_1_102' title='bbox 2195 1633 2248 1685; x_wconf 92' lang='grc' dir='ltr'><strong>Ρ.</strong></span> <span class='ocrx_word' id='word_1_103' title='bbox 2271 1615 2394 1671; x_wconf 88' lang='grc'><strong>335.</strong></span> 
     </span>
    </p>
   </div>
   <div class='ocr_carea' id='block_1_4' title="bbox 425 1834 2485 2057">
    <p class='ocr_par' dir='ltr' id='par_1_8' title="bbox 425 1834 2485 2057">
     <span class='ocr_line' id='line_1_14' title="bbox 425 1834 2485 1939; baseline -0 -22"><span class='ocrx_word' id='word_1_104' title='bbox 425 1837 845 1917; x_wconf 75' lang='lat' dir='ltr'><strong>Dissertatio</strong></span> <span class='ocrx_word' id='word_1_105' title='bbox 900 1837 988 1916; x_wconf 83' lang='lat' dir='ltr'><strong>de</strong></span> <span class='ocrx_word' id='word_1_106' title='bbox 1040 1836 1602 1939; x_wconf 76' lang='lat' dir='ltr'><strong>orthographiae</strong></span> <span class='ocrx_word' id='word_1_107' title='bbox 1658 1834 1959 1915; x_wconf 73' lang='lat' dir='ltr'><strong>Graecae</strong></span> <span class='ocrx_word' id='word_1_108' title='bbox 2010 1836 2485 1917; x_wconf 80' lang='lat' dir='ltr'><strong>inconstantia</strong></span> 
     </span>
     <span class='ocr_line' id='line_1_15' title="bbox 1294 1960 1602 2057; baseline -0.003 -26"><span class='ocrx_word' id='word_1_109' title='bbox 1294 1984 1370 2057; x_wconf 88' lang='lat' dir='ltr'><strong>p.</strong></span> <span class='ocrx_word' id='word_1_110' title='bbox 1430 1960 1602 2032; x_wconf 85' lang='lat'><strong>339.</strong></span> 
     </span>
    </p>
   </div>
   <div class='ocr_carea' id='block_1_5' title="bbox 548 2127 2574 2454">
    <p class='ocr_par' dir='ltr' id='par_1_9' title="bbox 548 2127 2574 2283">
     <span class='ocr_line' id='line_1_16' title="bbox 548 2127 2574 2195; baseline 0 -13"><span class='ocrx_word' id='word_1_111' title='bbox 548 2132 578 2194; x_wconf 88' lang='lat'>5</span> <span class='ocrx_word' id='word_1_112' title='bbox 617 2130 640 2182; x_wconf 87' lang='grc'>1</span> <span class='ocrx_word' id='word_1_113' title='bbox 704 2132 769 2182; x_wconf 90' lang='lat' dir='ltr'><strong>de</strong></span> <span class='ocrx_word' id='word_1_114' title='bbox 802 2132 868 2183; x_wconf 87' lang='lat' dir='ltr'><strong>iis</strong></span> <span class='ocrx_word' id='word_1_115' title='bbox 904 2131 1180 2182; x_wconf 80' lang='lat' dir='ltr'><strong>vocabulis</strong></span> <span class='ocrx_word' id='word_1_116' title='bbox 1203 2168 1216 2193; x_wconf 92' lang='lat'>‚</span> <span class='ocrx_word' id='word_1_117' title='bbox 1271 2145 1406 2195; x_wconf 85' lang='lat' dir='ltr'><strong>quae</strong></span> <span class='ocrx_word' id='word_1_118' title='bbox 1441 2144 1550 2178; x_wconf 90' lang='lat' dir='ltr'><strong>non</strong></span> <span class='ocrx_word' id='word_1_119' title='bbox 1601 2130 1658 2180; x_wconf 89' lang='lat' dir='ltr'><strong>in</strong></span> <span class='ocrx_word' id='word_1_120' title='bbox 1696 2128 1919 2180; x_wconf 86' lang='lat' dir='ltr'><strong>diversis</strong></span> <span class='ocrx_word' id='word_1_121' title='bbox 1952 2127 2116 2192; x_wconf 89' lang='lat' dir='ltr'><strong>locis,</strong></span> <span class='ocrx_word' id='word_1_122' title='bbox 2173 2130 2267 2181; x_wconf 84' lang='lat' dir='ltr'><strong>sed</strong></span> <span class='ocrx_word' id='word_1_123' title='bbox 2302 2131 2357 2179; x_wconf 90' lang='lat' dir='ltr'><strong>in</strong></span> <span class='ocrx_word' id='word_1_124' title='bbox 2393 2130 2574 2182; x_wconf 87' lang='lat' dir='ltr'><strong>eadem</strong></span> 
     </span>
     <span class='ocr_line' id='line_1_17' title="bbox 713 2213 2469 2283; baseline 0 -16"><span class='ocrx_word' id='word_1_125' title='bbox 713 2217 930 2283; x_wconf 87' lang='lat' dir='ltr'><strong>periodo</strong></span> <span class='ocrx_word' id='word_1_126' title='bbox 966 2218 1139 2282; x_wconf 82' lang='lat' dir='ltr'><strong>posita</strong></span> <span class='ocrx_word' id='word_1_127' title='bbox 1174 2216 1400 2281; x_wconf 81' lang='lat' dir='ltr'><strong>singulis</strong></span> <span class='ocrx_word' id='word_1_128' title='bbox 1434 2216 1623 2266; x_wconf 87' lang='lat' dir='ltr'><strong>litteris</strong></span> <span class='ocrx_word' id='word_1_129' title='bbox 1655 2216 1792 2267; x_wconf 86' lang='lat' dir='ltr'><strong>inter</strong></span> <span class='ocrx_word' id='word_1_130' title='bbox 1828 2231 1883 2266; x_wconf 91' lang='lat' dir='ltr'><strong>se</strong></span> <span class='ocrx_word' id='word_1_131' title='bbox 1919 2215 2221 2280; x_wconf 78' lang='lat' dir='ltr'><strong>discrepant</strong></span> <span class='ocrx_word' id='word_1_132' title='bbox 2264 2232 2315 2281; x_wconf 90' lang='lat' dir='ltr'><strong>p.</strong></span> <span class='ocrx_word' id='word_1_133' title='bbox 2351 2213 2469 2267; x_wconf 76' lang='grc'><strong>343.</strong></span> 
     </span>
    </p>

    <p class='ocr_par' dir='ltr' id='par_1_10' title="bbox 555 2296 2403 2367">
     <span class='ocr_line' id='line_1_18' title="bbox 555 2296 2403 2367; baseline -0.001 -12"><span class='ocrx_word' id='word_1_134' title='bbox 555 2305 586 2366; x_wconf 84' lang='lat'>5</span> <span class='ocrx_word' id='word_1_135' title='bbox 626 2303 661 2356; x_wconf 75' lang='lat'><strong>2</strong></span> <span class='ocrx_word' id='word_1_136' title='bbox 718 2304 784 2353; x_wconf 90' lang='lat' dir='ltr'><strong>de</strong></span> <span class='ocrx_word' id='word_1_137' title='bbox 819 2304 883 2352; x_wconf 84' lang='lat' dir='ltr'><strong>iis</strong></span> <span class='ocrx_word' id='word_1_138' title='bbox 919 2302 1208 2364; x_wconf 72' lang='lat' dir='ltr'><strong>vocabulis,</strong></span> <span class='ocrx_word' id='word_1_139' title='bbox 1246 2317 1383 2366; x_wconf 86' lang='lat' dir='ltr'><strong>quae</strong></span> <span class='ocrx_word' id='word_1_140' title='bbox 1416 2301 1658 2366; x_wconf 89' lang='lat' dir='ltr'><strong>pluribus</strong></span> <span class='ocrx_word' id='word_1_141' title='bbox 1693 2302 1879 2353; x_wconf 87' lang='lat' dir='ltr'><strong>litteris</strong></span> <span class='ocrx_word' id='word_1_142' title='bbox 1916 2300 2163 2353; x_wconf 80' lang='lat' dir='ltr'><strong>differunt</strong></span> <span class='ocrx_word' id='word_1_143' title='bbox 2196 2317 2247 2367; x_wconf 89' lang='lat' dir='ltr'><strong>p.</strong></span> <span class='ocrx_word' id='word_1_144' title='bbox 2284 2296 2403 2354; x_wconf 83' lang='grc'><strong>346.</strong></span> 
     </span>
    </p>

    <p class='ocr_par' dir='ltr' id='par_1_11' title="bbox 558 2384 1834 2454">
     <span class='ocr_line' id='line_1_19' title="bbox 558 2384 1834 2454; baseline -0.002 -14"><span class='ocrx_word' id='word_1_145' title='bbox 558 2391 605 2452; x_wconf 87' lang='lat'><strong>5·</strong></span> <span class='ocrx_word' id='word_1_146' title='bbox 626 2387 659 2440; x_wconf 88' lang='grc'><strong>3</strong></span> <span class='ocrx_word' id='word_1_147' title='bbox 716 2388 781 2439; x_wconf 88' lang='lat' dir='ltr'><strong>de</strong></span> <span class='ocrx_word' id='word_1_148' title='bbox 817 2389 995 2439; x_wconf 83' lang='lat' dir='ltr'><strong>causis</strong></span> <span class='ocrx_word' id='word_1_149' title='bbox 1029 2388 1267 2438; x_wconf 85' lang='lat' dir='ltr'><strong>variatae</strong></span> <span class='ocrx_word' id='word_1_150' title='bbox 1302 2388 1593 2454; x_wconf 85' lang='lat' dir='ltr'><strong>scripturae</strong></span> <span class='ocrx_word' id='word_1_151' title='bbox 1628 2403 1680 2452; x_wconf 90' lang='grc' dir='ltr'><strong>Ρ.</strong></span> <span class='ocrx_word' id='word_1_152' title='bbox 1714 2384 1834 2439; x_wconf 86' lang='grc'><strong>351.</strong></span> 
     </span>
    </p>
   </div>
   <div class='ocr_carea' id='block_1_6' title="bbox 814 2606 2090 2709">
    <p class='ocr_par' dir='ltr' id='par_1_12' title="bbox 814 2606 2090 2709">
     <span class='ocr_line' id='line_1_20' title="bbox 814 2606 2090 2709; baseline 0 -23"><span class='ocrx_word' id='word_1_153' title='bbox 814 2607 1230 2686; x_wconf 72' lang='lat' dir='ltr'><strong>Dissertatio</strong></span> <span class='ocrx_word' id='word_1_154' title='bbox 1285 2607 1373 2685; x_wconf 83' lang='lat' dir='ltr'><strong>de</strong></span> <span class='ocrx_word' id='word_1_155' title='bbox 1425 2606 1764 2709; x_wconf 81' lang='lat' dir='ltr'><strong>epithetis</strong></span> <span class='ocrx_word' id='word_1_156' title='bbox 1816 2606 2090 2686; x_wconf 82' lang='lat' dir='ltr'><strong>otiosis.</strong></span> 
     </span>
    </p>
   </div>
   <div class='ocr_carea' id='block_1_7' title="bbox 536 2777 1898 2847">
    <p class='ocr_par' dir='ltr' id='par_1_13' title="bbox 536 2777 1898 2847">
     <span class='ocr_line' id='line_1_21' title="bbox 536 2777 1898 2847; baseline -0.001 -13"><span class='ocrx_word' id='word_1_157' title='bbox 536 2785 616 2835; x_wconf 93' lang='lat' dir='ltr'><strong>De</strong></span> <span class='ocrx_word' id='word_1_158' title='bbox 650 2783 927 2834; x_wconf 86' lang='lat' dir='ltr'><strong>adiectivis</strong></span> <span class='ocrx_word' id='word_1_159' title='bbox 962 2798 1013 2847; x_wconf 87' lang='lat' dir='ltr'><strong>p.</strong></span> <span class='ocrx_word' id='word_1_160' title='bbox 1050 2778 1170 2845; x_wconf 84' lang='grc'><strong>359,</strong></span> <span class='ocrx_word' id='word_1_161' title='bbox 1205 2781 1272 2832; x_wconf 91' lang='lat' dir='ltr'><strong>de</strong></span> <span class='ocrx_word' id='word_1_162' title='bbox 1306 2780 1651 2833; x_wconf 82' lang='lat' dir='ltr'><strong>substantivis</strong></span> <span class='ocrx_word' id='word_1_163' title='bbox 1688 2797 1739 2846; x_wconf 90' lang='lat' dir='ltr'><strong>p.</strong></span> <span class='ocrx_word' id='word_1_164' title='bbox 1777 2777 1898 2834; x_wconf 85' lang='grc'><strong>363.</strong></span> 
     </span>
    </p>
   </div>
   <div class='ocr_carea' id='block_1_8' title="bbox 571 2999 2314 3104">
    <p class='ocr_par' dir='ltr' id='par_1_14' title="bbox 571 2999 2314 3104">
     <span class='ocr_line' id='line_1_22' title="bbox 571 2999 2314 3104; baseline -0.003 -23"><span class='ocrx_word' id='word_1_165' title='bbox 571 3002 902 3081; x_wconf 71' lang='lat' dir='ltr'><strong>Adde-da</strong></span> <span class='ocrx_word' id='word_1_166' title='bbox 952 3007 1026 3080; x_wconf 90' lang='lat' dir='ltr'><strong>et</strong></span> <span class='ocrx_word' id='word_1_167' title='bbox 1076 3000 1498 3104; x_wconf 79' lang='lat' dir='ltr'><strong>corrigenda</strong></span> <span class='ocrx_word' id='word_1_168' title='bbox 1548 3003 1624 3079; x_wconf 82' lang='lat' dir='ltr'><strong>in</strong></span> <span class='ocrx_word' id='word_1_169' title='bbox 1675 2999 1869 3080; x_wconf 75' lang='lat' dir='ltr'><strong>Toni.</strong></span> <span class='ocrx_word' id='word_1_170' title='bbox 1924 3001 1955 3080; x_wconf 87' lang='lat'>1</span> <span class='ocrx_word' id='word_1_171' title='bbox 2006 3030 2081 3103; x_wconf 90' lang='lat' dir='ltr'><strong>p.</strong></span> <span class='ocrx_word' id='word_1_172' title='bbox 2142 3006 2314 3078; x_wconf 82' lang='lat'><strong>367.</strong></span> 
     </span>
    </p>
   </div>
   <div class='ocr_carea' id='block_1_9' title="bbox 1295 3256 1594 3338">
    <p class='ocr_par' dir='ltr' id='par_1_15' title="bbox 1295 3256 1594 3338">
     <span class='ocr_line' id='line_1_23' title="bbox 1295 3256 1594 3338; baseline -0.013 0"><span class='ocrx_word' id='word_1_173' title='bbox 1295 3256 1594 3338; x_wconf 77' lang='lat' dir='ltr'><strong>ludices·</strong></span> 
     </span>
    </p>
   </div>
   <div class='ocr_carea' id='block_1_10' title="bbox 525 3392 1556 3549">
    <p class='ocr_par' dir='ltr' id='par_1_16' title="bbox 525 3392 1556 3549">
     <span class='ocr_line' id='line_1_24' title="bbox 549 3392 1262 3462; baseline 0 -14"><span class='ocrx_word' id='word_1_174' title='bbox 549 3399 577 3448; x_wconf 92' lang='lat'>1</span> <span class='ocrx_word' id='word_1_175' title='bbox 647 3398 806 3447; x_wconf 87' lang='lat' dir='ltr'><strong>Index</strong></span> <span class='ocrx_word' id='word_1_176' title='bbox 846 3412 1018 3447; x_wconf 86' lang='lat' dir='ltr'><strong>rerum</strong></span> <span class='ocrx_word' id='word_1_177' title='bbox 1054 3414 1105 3462; x_wconf 87' lang='grc' dir='ltr'><strong>Ρ.</strong></span> <span class='ocrx_word' id='word_1_178' title='bbox 1142 3392 1262 3448; x_wconf 86' lang='grc'><strong>387.</strong></span> 
     </span>
     <span class='ocr_line' id='line_1_25' title="bbox 525 3477 1556 3549; baseline -0.003 -15"><span class='ocrx_word' id='word_1_179' title='bbox 525 3484 583 3535; x_wconf 89' lang='lat'><strong>11</strong></span> <span class='ocrx_word' id='word_1_180' title='bbox 651 3483 813 3533; x_wconf 87' lang='lat' dir='ltr'><strong>Index</strong></span> <span class='ocrx_word' id='word_1_181' title='bbox 852 3482 1312 3549; x_wconf 68' lang='lat' dir='ltr'><strong>grammaticorum</strong></span> <span class='ocrx_word' id='word_1_182' title='bbox 1347 3497 1399 3546; x_wconf 89' lang='lat' dir='ltr'><strong>p.</strong></span> <span class='ocrx_word' id='word_1_183' title='bbox 1436 3477 1556 3532; x_wconf 74' lang='lat'><strong>419.</strong></span> 
     </span>
    </p>
   </div>
  </div>
 </body>
</html>
