<?xml version="1.0" encoding="UTF-8"?>
<!DOCTYPE html PUBLIC "-//W3C//DTD XHTML 1.0 Transitional//EN"
    "http://www.w3.org/TR/xhtml1/DTD/xhtml1-transitional.dtd">
<html xmlns="http://www.w3.org/1999/xhtml" xml:lang="en" lang="en">
 <head>
  <title>
</title>
<meta http-equiv="Content-Type" content="text/html;charset=utf-8" />
  <meta name='ocr-system' content='tesseract 3.04.00' />
  <meta name='ocr-capabilities' content='ocr_page ocr_carea ocr_par ocr_line ocrx_word'/>
</head>
<body>
  <div class='ocr_page' id='page_1' title='image "./pathologiaegrae02lobegoog_0040.png"; bbox 0 0 2946 4928; ppageno 0'>
   <div class='ocr_carea' id='block_1_1' title="bbox 431 310 1924 390">
    <p class='ocr_par' dir='ltr' id='par_1_1' title="bbox 431 310 1924 390">
     <span class='ocr_line' id='line_1_1' title="bbox 431 310 1924 390; baseline -0.003 0"><span class='ocrx_word' id='word_1_1' title='bbox 431 322 515 390; x_wconf 79' lang='lat'>24</span> <span class='ocrx_word' id='word_1_2' title='bbox 685 310 697 322; x_wconf 78' lang='grc'><strong>’</strong></span> <span class='ocrx_word' id='word_1_3' title='bbox 1193 316 1752 386; x_wconf 87' lang='lat' dir='ltr'><strong>DISSERTATIO</strong></span> <span class='ocrx_word' id='word_1_4' title='bbox 1817 319 1924 385; x_wconf 86' lang='lat' dir='ltr'>VI.</span> 
     </span>
    </p>
   </div>
   <div class='ocr_carea' id='block_1_2' title="bbox 432 479 2713 2100">
    <p class='ocr_par' dir='ltr' id='par_1_2' title="bbox 432 479 2713 1490">
     <span class='ocr_line' id='line_1_2' title="bbox 433 479 2674 573; baseline 0 -22"><span class='ocrx_word' id='word_1_5' title='bbox 433 502 576 551; x_wconf 92' lang='lat' dir='ltr'>cum</span> <span class='ocrx_word' id='word_1_6' title='bbox 598 483 789 567; x_wconf 88' lang='lat' dir='ltr'>alpha</span> <span class='ocrx_word' id='word_1_7' title='bbox 819 483 996 549; x_wconf 73' lang='lat' dir='ltr'>brevi</span> <span class='ocrx_word' id='word_1_8' title='bbox 1039 482 1105 549; x_wconf 89' lang='lat' dir='ltr'>in</span> <span class='ocrx_word' id='word_1_9' title='bbox 1127 481 1586 567; x_wconf 83' lang='lat' dir='ltr'><strong>diphthongum</strong></span> <span class='ocrx_word' id='word_1_10' title='bbox 1629 482 2047 549; x_wconf 77' lang='lat' dir='ltr'>contrahitur:</span> <span class='ocrx_word' id='word_1_11' title='bbox 2095 483 2280 573; x_wconf 78' lang='grc' dir='ltr'><em>σέλᾳ,</em></span> <span class='ocrx_word' id='word_1_12' title='bbox 2321 479 2516 573; x_wconf 77' lang='grc' dir='ltr'><em>γήρᾳ,</em></span> <span class='ocrx_word' id='word_1_13' title='bbox 2561 486 2674 552; x_wconf 85' lang='lat' dir='ltr'>sed</span> 
     </span>
     <span class='ocr_line' id='line_1_3' title="bbox 432 584 2676 670; baseline -0 -18"><span class='ocrx_word' id='word_1_14' title='bbox 432 588 583 669; x_wconf 85' lang='lat' dir='ltr'>quia</span> <span class='ocrx_word' id='word_1_15' title='bbox 624 586 825 670; x_wconf 88' lang='lat' dir='ltr'>ypsilo</span> <span class='ocrx_word' id='word_1_16' title='bbox 870 584 1181 652; x_wconf 83' lang='lat' dir='ltr'><strong>subscribi</strong></span> <span class='ocrx_word' id='word_1_17' title='bbox 1233 585 1480 667; x_wconf 85' lang='lat' dir='ltr'>nequit,</span> <span class='ocrx_word' id='word_1_18' title='bbox 1547 585 1892 650; x_wconf 87' lang='lat' dir='ltr'>contractio</span> <span class='ocrx_word' id='word_1_19' title='bbox 1951 587 2345 667; x_wconf 81' lang='lat' dir='ltr'>cognoscitur</span> <span class='ocrx_word' id='word_1_20' title='bbox 2407 606 2486 653; x_wconf 87' lang='lat' dir='ltr'>ex</span> <span class='ocrx_word' id='word_1_21' title='bbox 2540 587 2676 652; x_wconf 86' lang='lat' dir='ltr'>sola</span> 
     </span>
     <span class='ocr_line' id='line_1_4' title="bbox 432 674 2674 772; baseline 0 -17"><span class='ocrx_word' id='word_1_22' title='bbox 432 691 631 755; x_wconf 87' lang='lat' dir='ltr'>ectasi</span> <span class='ocrx_word' id='word_1_23' title='bbox 675 688 909 755; x_wconf 87' lang='lat' dir='ltr'>vocalis</span> <span class='ocrx_word' id='word_1_24' title='bbox 954 688 1180 754; x_wconf 84' lang='lat' dir='ltr'>comite</span> <span class='ocrx_word' id='word_1_25' title='bbox 1227 706 1341 753; x_wconf 88' lang='lat' dir='ltr'>suo</span> <span class='ocrx_word' id='word_1_26' title='bbox 1386 687 1758 765; x_wconf 81' lang='lat' dir='ltr'>destitutae3</span> <span class='ocrx_word' id='word_1_27' title='bbox 1803 674 1973 768; x_wconf 83' lang='lat' dir='ltr'>quod</span> <span class='ocrx_word' id='word_1_28' title='bbox 2014 687 2334 754; x_wconf 81' lang='lat' dir='ltr'>imitantes</span> <span class='ocrx_word' id='word_1_29' title='bbox 2355 689 2674 772; x_wconf 81' lang='lat' dir='ltr'>parciores</span> 
     </span>
     <span class='ocr_line' id='line_1_5' title="bbox 433 789 2675 875; baseline -0 -18"><span class='ocrx_word' id='word_1_30' title='bbox 433 791 689 875; x_wconf 87' lang='lat' dir='ltr'>quidam</span> <span class='ocrx_word' id='word_1_31' title='bbox 723 792 862 856; x_wconf 85' lang='lat' dir='ltr'>iota</span> <span class='ocrx_word' id='word_1_32' title='bbox 904 791 1260 856; x_wconf 82' lang='lat' dir='ltr'>dativorum</span> <span class='ocrx_word' id='word_1_33' title='bbox 1302 808 1551 872; x_wconf 93' lang='lat' dir='ltr'>quoque</span> <span class='ocrx_word' id='word_1_34' title='bbox 1593 789 1660 853; x_wconf 91' lang='lat' dir='ltr'>in</span> <span class='ocrx_word' id='word_1_35' title='bbox 1704 791 1751 875; x_wconf 74' lang='grc' dir='ltr'>ᾇ·</span> <span class='ocrx_word' id='word_1_36' title='bbox 1790 790 2152 854; x_wconf 81' lang='lat' dir='ltr'>exeuntium</span> <span class='ocrx_word' id='word_1_37' title='bbox 2183 790 2675 872; x_wconf 74' lang='lat' dir='ltr'>compendifece·</span> 
     </span>
     <span class='ocr_line' id='line_1_6' title="bbox 434 886 2679 981; baseline -0 -21"><span class='ocrx_word' id='word_1_38' title='bbox 434 898 611 960; x_wconf 86' lang='lat' dir='ltr'>runt:</span> <span class='ocrx_word' id='word_1_39' title='bbox 658 893 809 960; x_wconf 75' lang='grc' dir='ltr'><strong><em>σέλα</em></strong></span> <span class='ocrx_word' id='word_1_40' title='bbox 857 891 1072 981; x_wconf 79' lang='grc' dir='ltr'><strong><em>πυρὸς</em></strong></span> <span class='ocrx_word' id='word_1_41' title='bbox 1117 886 1534 975; x_wconf 76' lang='grc' dir='ltr'><strong><em>αἰθομένοιο,</em></strong></span> <span class='ocrx_word' id='word_1_42' title='bbox 1580 896 1655 956; x_wconf 85' lang='lat' dir='ltr'>ut</span> <span class='ocrx_word' id='word_1_43' title='bbox 1697 895 1797 956; x_wconf 84' lang='lat' dir='ltr'>est</span> <span class='ocrx_word' id='word_1_44' title='bbox 1838 892 1904 956; x_wconf 89' lang='lat' dir='ltr'>in</span> <span class='ocrx_word' id='word_1_45' title='bbox 1948 891 2082 957; x_wconf 84' lang='lat' dir='ltr'>cod.</span> <span class='ocrx_word' id='word_1_46' title='bbox 2103 890 2246 957; x_wconf 82' lang='lat' dir='ltr'>Vat.</span> <span class='ocrx_word' id='word_1_47' title='bbox 2279 892 2510 974; x_wconf 82' lang='lat' dir='ltr'>Theog.</span> <span class='ocrx_word' id='word_1_48' title='bbox 2533 891 2679 978; x_wconf 83' lang='lat'>868,</span> 
     </span>
     <span class='ocr_line' id='line_1_7' title="bbox 436 992 2713 1079; baseline 0 -17"><span class='ocrx_word' id='word_1_49' title='bbox 436 1001 503 1061; x_wconf 89' lang='lat' dir='ltr'>et</span> <span class='ocrx_word' id='word_1_50' title='bbox 553 996 673 1062; x_wconf 90' lang='lat' dir='ltr'>hoc</span> <span class='ocrx_word' id='word_1_51' title='bbox 730 994 916 1060; x_wconf 86' lang='lat' dir='ltr'>modo</span> <span class='ocrx_word' id='word_1_52' title='bbox 970 994 1165 1060; x_wconf 88' lang='lat' dir='ltr'>etiam</span> <span class='ocrx_word' id='word_1_53' title='bbox 1222 993 1371 1079; x_wconf 80' lang='grc' dir='ltr'><strong><em>γένυ</em></strong></span> <span class='ocrx_word' id='word_1_54' title='bbox 1437 992 1522 1075; x_wconf 87' lang='lat' dir='ltr'>[v.</span> <span class='ocrx_word' id='word_1_55' title='bbox 1567 992 1735 1057; x_wconf 88' lang='lat' dir='ltr'>Diss.</span> <span class='ocrx_word' id='word_1_56' title='bbox 1779 992 1936 1056; x_wconf 92' lang='lat' dir='ltr'><strong>VIII</strong></span> <span class='ocrx_word' id='word_1_57' title='bbox 1990 1011 2122 1074; x_wconf 89' lang='lat' dir='ltr'>cap.</span> <span class='ocrx_word' id='word_1_58' title='bbox 2167 994 2225 1059; x_wconf 91' lang='lat' dir='ltr'><strong>V</strong></span> <span class='ocrx_word' id='word_1_59' title='bbox 2281 995 2336 1078; x_wconf 65' lang='grc' dir='ltr'>ἓ.</span> <span class='ocrx_word' id='word_1_60' title='bbox 2387 994 2469 1079; x_wconf 83' lang='grc'>1.]</span> <span class='ocrx_word' id='word_1_61' title='bbox 2560 994 2713 1074; x_wconf 80' lang='lat' dir='ltr'>Qui-</span> 
     </span>
     <span class='ocr_line' id='line_1_8' title="bbox 436 1091 2678 1185; baseline -0.001 -20"><span class='ocrx_word' id='word_1_62' title='bbox 436 1097 617 1185; x_wconf 76' lang='grc' dir='ltr'><strong><em>γένυὶ·</em></strong></span> <span class='ocrx_word' id='word_1_63' title='bbox 653 1096 1030 1174; x_wconf 81' lang='lat' dir='ltr'>maluerunt,</span> <span class='ocrx_word' id='word_1_64' title='bbox 1075 1094 1480 1176; x_wconf 80' lang='lat' dir='ltr'>aequalitatis</span> <span class='ocrx_word' id='word_1_65' title='bbox 1523 1094 1832 1160; x_wconf 89' lang='lat' dir='ltr'>rationem</span> <span class='ocrx_word' id='word_1_66' title='bbox 1877 1091 2130 1175; x_wconf 89' lang='lat' dir='ltr'>sequuti</span> <span class='ocrx_word' id='word_1_67' title='bbox 2163 1102 2314 1161; x_wconf 84' lang='lat' dir='ltr'>sunt</span> <span class='ocrx_word' id='word_1_68' title='bbox 2353 1096 2469 1162; x_wconf 89' lang='lat' dir='ltr'>hos</span> <span class='ocrx_word' id='word_1_69' title='bbox 2493 1115 2678 1164; x_wconf 87' lang='lat' dir='ltr'>casus</span> 
     </span>
     <span class='ocr_line' id='line_1_9' title="bbox 437 1195 2682 1281; baseline 0 -17"><span class='ocrx_word' id='word_1_70' title='bbox 437 1200 606 1281; x_wconf 90' lang='lat' dir='ltr'>apud</span> <span class='ocrx_word' id='word_1_71' title='bbox 670 1202 893 1279; x_wconf 90' lang='lat' dir='ltr'>poetas</span> <span class='ocrx_word' id='word_1_72' title='bbox 954 1215 1080 1262; x_wconf 93' lang='lat' dir='ltr'>non</span> <span class='ocrx_word' id='word_1_73' title='bbox 1144 1196 1330 1261; x_wconf 90' lang='lat' dir='ltr'>aliter</span> <span class='ocrx_word' id='word_1_74' title='bbox 1375 1195 1738 1261; x_wconf 87' lang='lat' dir='ltr'>scribendos</span> <span class='ocrx_word' id='word_1_75' title='bbox 1792 1214 1933 1265; x_wconf 85' lang='lat' dir='ltr'>esse</span> <span class='ocrx_word' id='word_1_76' title='bbox 1988 1200 2287 1278; x_wconf 86' lang='lat' dir='ltr'>putantes</span> <span class='ocrx_word' id='word_1_77' title='bbox 2350 1215 2540 1280; x_wconf 89' lang='lat' dir='ltr'>quam</span> <span class='ocrx_word' id='word_1_78' title='bbox 2606 1204 2682 1265; x_wconf 92' lang='lat' dir='ltr'>ut</span> 
     </span>
     <span class='ocr_line' id='line_1_10' title="bbox 437 1294 2685 1387; baseline -0 -20"><span class='ocrx_word' id='word_1_79' title='bbox 437 1302 624 1383; x_wconf 89' lang='lat' dir='ltr'>vulgo</span> <span class='ocrx_word' id='word_1_80' title='bbox 667 1298 741 1366; x_wconf 89' lang='lat' dir='ltr'>fit</span> <span class='ocrx_word' id='word_1_81' title='bbox 785 1300 851 1364; x_wconf 92' lang='lat' dir='ltr'>in</span> <span class='ocrx_word' id='word_1_82' title='bbox 895 1315 1181 1363; x_wconf 88' lang='lat' dir='ltr'>sermone</span> <span class='ocrx_word' id='word_1_83' title='bbox 1226 1295 1447 1362; x_wconf 90' lang='lat' dir='ltr'>soluto.</span> <span class='ocrx_word' id='word_1_84' title='bbox 1537 1294 1833 1363; x_wconf 82' lang='lat' dir='ltr'>Ceterum</span> <span class='ocrx_word' id='word_1_85' title='bbox 1875 1299 2051 1387; x_wconf 84' lang='lat' dir='ltr'>nulla</span> <span class='ocrx_word' id='word_1_86' title='bbox 2092 1317 2243 1381; x_wconf 89' lang='lat' dir='ltr'>pars</span> <span class='ocrx_word' id='word_1_87' title='bbox 2273 1299 2573 1365; x_wconf 88' lang='lat' dir='ltr'>orationis</span> <span class='ocrx_word' id='word_1_88' title='bbox 2614 1300 2685 1366; x_wconf 92' lang='lat' dir='ltr'>in</span> 
     </span>
     <span class='ocr_line' id='line_1_11' title="bbox 438 1396 2446 1490; baseline -0.001 -22"><span class='ocrx_word' id='word_1_89' title='bbox 438 1407 492 1475; x_wconf 60' lang='grc' dir='ltr'>ἆ</span> <span class='ocrx_word' id='word_1_90' title='bbox 538 1403 669 1469; x_wconf 84' lang='lat' dir='ltr'>exit</span> <span class='ocrx_word' id='word_1_91' title='bbox 709 1407 965 1483; x_wconf 90' lang='lat' dir='ltr'>praeter</span> <span class='ocrx_word' id='word_1_92' title='bbox 1010 1398 1312 1464; x_wconf 85' lang='lat' dir='ltr'>adverbia</span> <span class='ocrx_word' id='word_1_93' title='bbox 1353 1397 1612 1467; x_wconf 86' lang='lat' dir='ltr'>Aeolica</span> <span class='ocrx_word' id='word_1_94' title='bbox 1657 1396 1863 1484; x_wconf 83' lang='grc' dir='ltr'><strong><em>πὴλυι</em></strong></span> <span class='ocrx_word' id='word_1_95' title='bbox 1906 1402 1944 1466; x_wconf 92' lang='lat' dir='ltr'>i.</span> <span class='ocrx_word' id='word_1_96' title='bbox 1991 1420 2048 1483; x_wconf 89' lang='lat' dir='ltr'>q.</span> <span class='ocrx_word' id='word_1_97' title='bbox 2095 1402 2286 1490; x_wconf 82' lang='grc' dir='ltr'><strong><em>τηλοῖ</em></strong></span> <span class='ocrx_word' id='word_1_98' title='bbox 2328 1406 2446 1466; x_wconf 88' lang='lat' dir='ltr'>etc.</span> 
     </span>
    </p>

    <p class='ocr_par' dir='ltr' id='par_1_3' title="bbox 440 1498 2709 2100">
     <span class='ocr_line' id='line_1_12' title="bbox 609 1498 2686 1585; baseline -0 -15"><span class='ocrx_word' id='word_1_99' title='bbox 609 1504 802 1569; x_wconf 84' lang='lat' dir='ltr'>Haud</span> <span class='ocrx_word' id='word_1_100' title='bbox 844 1503 1138 1585; x_wconf 86' lang='lat' dir='ltr'>aequiore</span> <span class='ocrx_word' id='word_1_101' title='bbox 1205 1500 1413 1565; x_wconf 90' lang='lat' dir='ltr'>animo</span> <span class='ocrx_word' id='word_1_102' title='bbox 1478 1498 1692 1564; x_wconf 84' lang='lat' dir='ltr'>ferunt</span> <span class='ocrx_word' id='word_1_103' title='bbox 1745 1499 2198 1584; x_wconf 82' lang='lat' dir='ltr'>diphthongum</span> <span class='ocrx_word' id='word_1_104' title='bbox 2253 1520 2564 1569; x_wconf 89' lang='lat' dir='ltr'>consonae</span> <span class='ocrx_word' id='word_1_105' title='bbox 2616 1505 2686 1570; x_wconf 91' lang='lat' dir='ltr'>in</span> 
     </span>
     <span class='ocr_line' id='line_1_13' title="bbox 440 1601 2683 1685; baseline -0.002 -11"><span class='ocrx_word' id='word_1_106' title='bbox 440 1609 663 1674; x_wconf 88' lang='lat' dir='ltr'>eadem</span> <span class='ocrx_word' id='word_1_107' title='bbox 707 1606 978 1672; x_wconf 88' lang='lat' dir='ltr'>dictione</span> <span class='ocrx_word' id='word_1_108' title='bbox 1021 1606 1461 1685; x_wconf 87' lang='lat' dir='ltr'>praeeuntem,</span> <span class='ocrx_word' id='word_1_109' title='bbox 1531 1601 1664 1668; x_wconf 83' lang='lat' dir='ltr'>sive</span> <span class='ocrx_word' id='word_1_110' title='bbox 1708 1619 1785 1666; x_wconf 90' lang='lat' dir='ltr'>ea</span> <span class='ocrx_word' id='word_1_111' title='bbox 1830 1602 2134 1685; x_wconf 89' lang='lat' dir='ltr'>syllabam</span> <span class='ocrx_word' id='word_1_112' title='bbox 2178 1601 2345 1685; x_wconf 88' lang='lat' dir='ltr'>finit,</span> <span class='ocrx_word' id='word_1_113' title='bbox 2401 1605 2533 1670; x_wconf 86' lang='lat' dir='ltr'>sive</span> <span class='ocrx_word' id='word_1_114' title='bbox 2580 1624 2683 1670; x_wconf 89' lang='lat' dir='ltr'>or-</span> 
     </span>
     <span class='ocr_line' id='line_1_14' title="bbox 441 1702 2684 1786; baseline -0.002 -10"><span class='ocrx_word' id='word_1_115' title='bbox 441 1712 629 1777; x_wconf 86' lang='lat' dir='ltr'>ditur.</span> <span class='ocrx_word' id='word_1_116' title='bbox 715 1707 884 1774; x_wconf 86' lang='lat' dir='ltr'>Illud</span> <span class='ocrx_word' id='word_1_117' title='bbox 925 1710 1102 1772; x_wconf 86' lang='lat' dir='ltr'>vetat</span> <span class='ocrx_word' id='word_1_118' title='bbox 1143 1702 1617 1771; x_wconf 82' lang='lat' dir='ltr'>Choeroboscus</span> <span class='ocrx_word' id='word_1_119' title='bbox 1662 1705 1741 1772; x_wconf 87' lang='lat' dir='ltr'>de</span> <span class='ocrx_word' id='word_1_120' title='bbox 1774 1703 2091 1771; x_wconf 85' lang='grc' dir='ltr'>Τοιι.409.</span> <span class='ocrx_word' id='word_1_121' title='bbox 2120 1705 2217 1786; x_wconf 87' lang='lat'>15,</span> <span class='ocrx_word' id='word_1_122' title='bbox 2262 1705 2405 1771; x_wconf 90' lang='lat' dir='ltr'>EM.</span> <span class='ocrx_word' id='word_1_123' title='bbox 2432 1706 2575 1772; x_wconf 81' lang='lat'><strong>775.</strong></span> <span class='ocrx_word' id='word_1_124' title='bbox 2599 1705 2684 1773; x_wconf 82' lang='lat'>23</span> 
     </span>
     <span class='ocr_line' id='line_1_15' title="bbox 441 1790 2709 1896; baseline -0.002 -16"><span class='ocrx_word' id='word_1_125' title='bbox 441 1816 560 1880; x_wconf 80' lang='grc' dir='ltr'>τοῦ</span> <span class='ocrx_word' id='word_1_126' title='bbox 589 1804 766 1890; x_wconf 85' lang='grc' dir='ltr'><strong><em>υἷος,</em></strong></span> <span class='ocrx_word' id='word_1_127' title='bbox 816 1801 987 1877; x_wconf 63' lang='grc' dir='ltr'>υἷιε</span> <span class='ocrx_word' id='word_1_128' title='bbox 955 1834 992 1894; x_wconf 86' lang='grc' dir='ltr'><em>η</em></span> <span class='ocrx_word' id='word_1_129' title='bbox 1040 1802 1276 1874; x_wconf 70' lang='grc' dir='ltr'><strong><em>εὐθεῖα</em></strong></span> <span class='ocrx_word' id='word_1_130' title='bbox 1323 1801 1402 1872; x_wconf 80' lang='grc' dir='ltr'>οὗ</span> <span class='ocrx_word' id='word_1_131' title='bbox 1438 1812 1875 1896; x_wconf 75' lang='grc' dir='ltr'>συναιρεῖται·</span> <span class='ocrx_word' id='word_1_132' title='bbox 1915 1790 2261 1876; x_wconf 72' lang='grc' dir='ltr'><strong><em>οὐδέποτε</em></strong></span> <span class='ocrx_word' id='word_1_133' title='bbox 2326 1808 2449 1896; x_wconf 78' lang='grc' dir='ltr'>γὰρ</span> <span class='ocrx_word' id='word_1_134' title='bbox 2515 1808 2709 1893; x_wconf 74' lang='grc' dir='ltr'><strong><em>μετὰ,</em></strong></span> 
     </span>
     <span class='ocr_line' id='line_1_16' title="bbox 442 1905 2689 2001; baseline -0.001 -22"><span class='ocrx_word' id='word_1_135' title='bbox 442 1914 673 2001; x_wconf 79' lang='grc' dir='ltr'>τὴν</span> <span class='ocrx_word' id='word_1_136' title='bbox 626 1950 684 1984; x_wconf 80' lang='lat' dir='ltr'><strong><em>v</em></strong></span> <span class='ocrx_word' id='word_1_137' title='bbox 741 1907 1061 1997; x_wconf 71' lang='grc' dir='ltr'><strong><em>ἐπάγεται</em></strong></span> <span class='ocrx_word' id='word_1_138' title='bbox 1129 1905 1513 1993; x_wconf 74' lang='grc' dir='ltr'><strong><em>σύμφωνον,</em></strong></span> <span class='ocrx_word' id='word_1_139' title='bbox 1580 1927 1698 1973; x_wconf 91' lang='lat' dir='ltr'>nec</span> <span class='ocrx_word' id='word_1_140' title='bbox 1740 1908 1944 1975; x_wconf 87' lang='lat' dir='ltr'>refelli</span> <span class='ocrx_word' id='word_1_141' title='bbox 1975 1916 2234 1991; x_wconf 89' lang='lat' dir='ltr'>potest;</span> <span class='ocrx_word' id='word_1_142' title='bbox 2298 1930 2446 1977; x_wconf 90' lang='lat' dir='ltr'>nam</span> <span class='ocrx_word' id='word_1_143' title='bbox 2519 1912 2689 1995; x_wconf 88' lang='lat' dir='ltr'>quod</span> 
     </span>
     <span class='ocr_line' id='line_1_17' title="bbox 442 2010 2687 2100; baseline -0 -19"><span class='ocrx_word' id='word_1_144' title='bbox 442 2035 559 2100; x_wconf 91' lang='lat' dir='ltr'>pro</span> <span class='ocrx_word' id='word_1_145' title='bbox 601 2012 845 2100; x_wconf 72' lang='grc' dir='ltr'><strong><em>μυίνδα</em></strong></span> <span class='ocrx_word' id='word_1_146' title='bbox 892 2011 1223 2093; x_wconf 81' lang='lat' dir='ltr'>aliquoties</span> <span class='ocrx_word' id='word_1_147' title='bbox 1265 2010 1525 2092; x_wconf 87' lang='lat' dir='ltr'>irrepsit</span> <span class='ocrx_word' id='word_1_148' title='bbox 1564 2010 1962 2095; x_wconf 85' lang='lat' dir='ltr'>bisyllabum‚</span> <span class='ocrx_word' id='word_1_149' title='bbox 2006 2013 2191 2077; x_wconf 90' lang='lat' dir='ltr'>nauci</span> <span class='ocrx_word' id='word_1_150' title='bbox 2232 2030 2358 2078; x_wconf 90' lang='lat' dir='ltr'>non</span> <span class='ocrx_word' id='word_1_151' title='bbox 2403 2018 2519 2080; x_wconf 88' lang='lat' dir='ltr'>est.</span> <span class='ocrx_word' id='word_1_152' title='bbox 2593 2012 2687 2080; x_wconf 78' lang='grc' dir='ltr'>Αό</span> 
     </span>
    </p>
   </div>
   <div class='ocr_carea' id='block_1_3' title="bbox 315 2110 2685 2209">
    <p class='ocr_par' dir='ltr' id='par_1_4' title="bbox 315 2110 2685 2209">
     <span class='ocr_line' id='line_1_18' title="bbox 315 2110 2685 2209; baseline -0.002 -23"><span class='ocrx_word' id='word_1_153' title='bbox 315 2197 324 2209; x_wconf 90' lang='lat'><strong>.</strong></span> <span class='ocrx_word' id='word_1_154' title='bbox 444 2119 796 2185; x_wconf 86' lang='lat' dir='ltr'>Romanum</span> <span class='ocrx_word' id='word_1_155' title='bbox 837 2133 1088 2197; x_wconf 89' lang='lat' dir='ltr'>quoque</span> <span class='ocrx_word' id='word_1_156' title='bbox 1139 2112 1455 2206; x_wconf 91' lang='lat' dir='ltr'>hominem</span> <span class='ocrx_word' id='word_1_157' title='bbox 1503 2110 1798 2189; x_wconf 63' lang='lat' dir='ltr'>Quzhtum</span> <span class='ocrx_word' id='word_1_158' title='bbox 1844 2112 2073 2179; x_wconf 88' lang='lat' dir='ltr'>Graeci</span> <span class='ocrx_word' id='word_1_159' title='bbox 2127 2115 2312 2180; x_wconf 89' lang='lat' dir='ltr'>aliter</span> <span class='ocrx_word' id='word_1_160' title='bbox 2366 2116 2685 2197; x_wconf 89' lang='lat' dir='ltr'>appellare</span> 
     </span>
    </p>
   </div>
   <div class='ocr_carea' id='block_1_4' title="bbox 344 2211 2750 2714">
    <p class='ocr_par' dir='ltr' id='par_1_5' title="bbox 344 2211 2750 2714">
     <span class='ocr_line' id='line_1_19' title="bbox 445 2211 2684 2302; baseline -0.002 -15"><span class='ocrx_word' id='word_1_161' title='bbox 445 2240 570 2288; x_wconf 89' lang='lat' dir='ltr'>non</span> <span class='ocrx_word' id='word_1_162' title='bbox 612 2222 880 2302; x_wconf 87' lang='lat' dir='ltr'>possunt</span> <span class='ocrx_word' id='word_1_163' title='bbox 921 2234 1112 2297; x_wconf 88' lang='lat' dir='ltr'>quam</span> <span class='ocrx_word' id='word_1_164' title='bbox 1156 2211 1438 2280; x_wconf 76' lang='grc' dir='ltr'><strong><em>Κόϊντον</em></strong></span> <span class='ocrx_word' id='word_1_165' title='bbox 1483 2215 1685 2280; x_wconf 90' lang='lat' dir='ltr'>literis</span> <span class='ocrx_word' id='word_1_166' title='bbox 1710 2215 1981 2281; x_wconf 88' lang='lat' dir='ltr'>diductis</span> <span class='ocrx_word' id='word_1_167' title='bbox 2015 2215 2115 2282; x_wconf 82' lang='lat' dir='ltr'>vel</span> <span class='ocrx_word' id='word_1_168' title='bbox 2140 2213 2413 2296; x_wconf 79' lang='grc' dir='ltr'><strong><em>Κύντον,</em></strong></span> <span class='ocrx_word' id='word_1_169' title='bbox 2457 2236 2514 2282; x_wconf 86' lang='lat' dir='ltr'>v.</span> <span class='ocrx_word' id='word_1_170' title='bbox 2537 2217 2684 2283; x_wconf 89' lang='lat' dir='ltr'>Wa-</span> 
     </span>
     <span class='ocr_line' id='line_1_20' title="bbox 446 2316 2685 2401; baseline -0.002 -12"><span class='ocrx_word' id='word_1_171' title='bbox 446 2321 686 2389; x_wconf 86' lang='lat' dir='ltr'>nowski</span> <span class='ocrx_word' id='word_1_172' title='bbox 727 2319 981 2401; x_wconf 89' lang='lat' dir='ltr'>Antiqq.</span> <span class='ocrx_word' id='word_1_173' title='bbox 1026 2318 1204 2382; x_wconf 87' lang='lat' dir='ltr'>Rom.</span> <span class='ocrx_word' id='word_1_174' title='bbox 1230 2318 1331 2381; x_wconf 84' lang='lat'>21.</span> <span class='ocrx_word' id='word_1_175' title='bbox 1361 2354 1432 2364; x_wconf 88' lang='lat'><em>-</em></span> <span class='ocrx_word' id='word_1_176' title='bbox 1476 2316 1644 2382; x_wconf 90' lang='lat' dir='ltr'>Ante</span> <span class='ocrx_word' id='word_1_177' title='bbox 1689 2334 2026 2382; x_wconf 85' lang='lat' dir='ltr'>consonam</span> <span class='ocrx_word' id='word_1_178' title='bbox 2067 2318 2389 2399; x_wconf 82' lang='lat' dir='ltr'>proximae</span> <span class='ocrx_word' id='word_1_179' title='bbox 2433 2322 2501 2384; x_wconf 90' lang='lat' dir='ltr'>et</span> <span class='ocrx_word' id='word_1_180' title='bbox 2542 2336 2685 2385; x_wconf 83' lang='lat' dir='ltr'>con-</span> 
     </span>
     <span class='ocr_line' id='line_1_21' title="bbox 447 2419 2750 2507; baseline -0.001 -16"><span class='ocrx_word' id='word_1_181' title='bbox 447 2423 706 2491; x_wconf 91' lang='lat' dir='ltr'>tinentis</span> <span class='ocrx_word' id='word_1_182' title='bbox 751 2421 1047 2505; x_wconf 63' lang='lat' dir='ltr'>syllabae.</span> <span class='ocrx_word' id='word_1_183' title='bbox 1073 2438 1188 2502; x_wconf 91' lang='lat' dir='ltr'>pro</span> <span class='ocrx_word' id='word_1_184' title='bbox 1234 2420 1291 2490; x_wconf 72' lang='lat' dir='ltr'>v—ae.</span> <span class='ocrx_word' id='word_1_185' title='bbox 1334 2419 1740 2492; x_wconf 86' lang='lat' dir='ltr'>substituitur</span> <span class='ocrx_word' id='word_1_186' title='bbox 1781 2419 2027 2503; x_wconf 83' lang='lat' dir='ltr'>ypsilon</span> <span class='ocrx_word' id='word_1_187' title='bbox 2070 2419 2335 2503; x_wconf 81' lang='lat' dir='ltr'>simplex</span> <span class='ocrx_word' id='word_1_188' title='bbox 2376 2422 2442 2486; x_wconf 92' lang='lat' dir='ltr'>in</span> <span class='ocrx_word' id='word_1_189' title='bbox 2487 2420 2704 2507; x_wconf 46' lang='lat' dir='ltr'>demig</span> <span class='ocrx_word' id='word_1_190' title='bbox 2730 2466 2750 2476; x_wconf 79' lang='lat'><em>-</em></span> 
     </span>
     <span class='ocr_line' id='line_1_22' title="bbox 344 2520 2689 2610; baseline -0.001 -17"><span class='ocrx_word' id='word_1_191' title='bbox 344 2555 360 2564; x_wconf 54' lang='grc'><em>’</em></span> <span class='ocrx_word' id='word_1_192' title='bbox 445 2526 698 2606; x_wconf 78' lang='lat' dir='ltr'>nutiviS,</span> <span class='ocrx_word' id='word_1_193' title='bbox 741 2542 906 2608; x_wconf 91' lang='lat' dir='ltr'>quae</span> <span class='ocrx_word' id='word_1_194' title='bbox 928 2523 1363 2604; x_wconf 89' lang='lat' dir='ltr'>Theognostus</span> <span class='ocrx_word' id='word_1_195' title='bbox 1406 2522 1593 2589; x_wconf 84' lang='lat' dir='ltr'>affert</span> <span class='ocrx_word' id='word_1_196' title='bbox 1613 2522 1930 2589; x_wconf 78' lang='lat' dir='ltr'>Can.121.</span> <span class='ocrx_word' id='word_1_197' title='bbox 1954 2523 2036 2591; x_wconf 86' lang='lat'>25</span> <span class='ocrx_word' id='word_1_198' title='bbox 2078 2527 2208 2607; x_wconf 85' lang='grc' dir='ltr'>μῦς</span> <span class='ocrx_word' id='word_1_199' title='bbox 2235 2520 2404 2607; x_wconf 83' lang='grc' dir='ltr'><strong><em>μυός</em></strong></span> <span class='ocrx_word' id='word_1_200' title='bbox 2421 2524 2689 2610; x_wconf 76' lang='grc' dir='ltr'><strong><em>μυῖῢιον</em></strong></span> 
     </span>
     <span class='ocr_line' id='line_1_23' title="bbox 450 2613 2688 2714; baseline -0 -19"><span class='ocrx_word' id='word_1_201' title='bbox 450 2627 559 2696; x_wconf 80' lang='grc' dir='ltr'>καὶ</span> <span class='ocrx_word' id='word_1_202' title='bbox 605 2624 674 2709; x_wconf 72' lang='grc' dir='ltr'>ἐν</span> <span class='ocrx_word' id='word_1_203' title='bbox 718 2629 1014 2713; x_wconf 79' lang='grc' dir='ltr'><strong><em>συγκοπῇ</em></strong></span> <span class='ocrx_word' id='word_1_204' title='bbox 1059 2626 1179 2691; x_wconf 80' lang='grc' dir='ltr'>τοῦ</span> <span class='ocrx_word' id='word_1_205' title='bbox 1223 2626 1250 2693; x_wconf 81' lang='grc' dir='ltr'>ἶ</span> <span class='ocrx_word' id='word_1_206' title='bbox 1287 2621 1558 2708; x_wconf 81' lang='grc' dir='ltr'><strong><em>μύδιον·</em></strong></span> <span class='ocrx_word' id='word_1_207' title='bbox 1602 2628 1721 2689; x_wconf 80' lang='grc' dir='ltr'>τοῦ</span> <span class='ocrx_word' id='word_1_208' title='bbox 1757 2624 1881 2713; x_wconf 79' lang='grc' dir='ltr'>γὰρ</span> <span class='ocrx_word' id='word_1_209' title='bbox 1924 2630 1969 2696; x_wconf 69' lang='grc' dir='ltr'>Ξῖ</span> <span class='ocrx_word' id='word_1_210' title='bbox 2006 2613 2182 2697; x_wconf 55' lang='lat' dir='ltr'>nal-i</span> <span class='ocrx_word' id='word_1_211' title='bbox 2216 2631 2688 2714; x_wconf 78' lang='grc' dir='ltr'>συναιρεθῆναι</span> 
     </span>
    </p>
   </div>
   <div class='ocr_carea' id='block_1_5' title="bbox 2878 225 2888 1073">
    <p class='ocr_par' dir='ltr' id='par_1_6' title="bbox 2878 225 2888 1073">
     <span class='ocr_line' id='line_1_24' title="bbox 2878 225 2888 1073; baseline 0 0"><span class='ocrx_word' id='word_1_212' title='bbox 2878 225 2888 1073; x_wconf 95' lang='lat' dir='ltr'> </span> 
     </span>
    </p>
   </div>
   <div class='ocr_carea' id='block_1_6' title="bbox 447 2725 2832 2818">
    <p class='ocr_par' dir='ltr' id='par_1_7' title="bbox 447 2725 2832 2818">
     <span class='ocr_line' id='line_1_25' title="bbox 447 2725 2832 2818; baseline -0.002 -22"><span class='ocrx_word' id='word_1_213' title='bbox 447 2731 541 2818; x_wconf 79' lang='grc' dir='ltr'>μὴ</span> <span class='ocrx_word' id='word_1_214' title='bbox 589 2728 962 2814; x_wconf 73' lang='grc' dir='ltr'><strong><em>ἆυναμένων</em></strong></span> <span class='ocrx_word' id='word_1_215' title='bbox 1004 2726 1118 2795; x_wconf 81' lang='grc' dir='ltr'>διὰ</span> <span class='ocrx_word' id='word_1_216' title='bbox 1165 2726 1241 2793; x_wconf 82' lang='grc' dir='ltr'>τὸ</span> <span class='ocrx_word' id='word_1_217' title='bbox 1287 2725 1628 2814; x_wconf 80' lang='grc' dir='ltr'><strong><em>μηδέποτε</em></strong></span> <span class='ocrx_word' id='word_1_218' title='bbox 1673 2725 1787 2814; x_wconf 77' lang='grc' dir='ltr'>τὴν</span> <span class='ocrx_word' id='word_1_219' title='bbox 1830 2731 1894 2799; x_wconf 75' lang='grc' dir='ltr'>’ᾱῖ</span> <span class='ocrx_word' id='word_1_220' title='bbox 1934 2728 2082 2811; x_wconf 85' lang='lat' dir='ltr'>(sic)</span> <span class='ocrx_word' id='word_1_221' title='bbox 2137 2728 2253 2797; x_wconf 75' lang='grc' dir='ltr'>ἐπὶ</span> <span class='ocrx_word' id='word_1_222' title='bbox 2306 2728 2537 2807; x_wconf 77' lang='grc' dir='ltr'><strong><em>τέλους</em></strong></span> <span class='ocrx_word' id='word_1_223' title='bbox 2589 2729 2690 2797; x_wconf 81' lang='grc' dir='ltr'><strong><em>λέ·-</em></strong></span> <span class='ocrx_word' id='word_1_224' title='bbox 2811 2783 2832 2815; x_wconf 82' lang='grc'><strong><em>,</em></strong></span> 
     </span>
    </p>
   </div>
   <div class='ocr_carea' id='block_1_7' title="bbox 367 2822 2696 3725">
    <p class='ocr_par' dir='ltr' id='par_1_8' title="bbox 367 2822 2696 3725">
     <span class='ocr_line' id='line_1_26' title="bbox 452 2822 2691 2916; baseline -0.001 -17"><span class='ocrx_word' id='word_1_225' title='bbox 452 2834 618 2913; x_wconf 81' lang='grc' dir='ltr'><em>ξεως</em></span> <span class='ocrx_word' id='word_1_226' title='bbox 659 2831 824 2915; x_wconf 80' lang='grc' dir='ltr'><strong><em>μετὰ</em></strong></span> <span class='ocrx_word' id='word_1_227' title='bbox 873 2825 1231 2916; x_wconf 77' lang='grc' dir='ltr'><strong><em>συμφώνου</em></strong></span> <span class='ocrx_word' id='word_1_228' title='bbox 1275 2822 1747 2913; x_wconf 68' lang='grc' dir='ltr'><strong><em>εὖρίσκεσθαι,’</em></strong></span> <span class='ocrx_word' id='word_1_229' title='bbox 1779 2827 2099 2908; x_wconf 77' lang='grc' dir='ltr'><strong><em>ἐξέπεσεν.</em></strong></span> <span class='ocrx_word' id='word_1_230' title='bbox 2191 2828 2513 2913; x_wconf 83' lang='lat' dir='ltr'>Syncopae</span> <span class='ocrx_word' id='word_1_231' title='bbox 2556 2833 2691 2913; x_wconf 78' lang='lat' dir='ltr'>qui-</span> 
     </span>
     <span class='ocr_line' id='line_1_27' title="bbox 454 2930 2689 3013; baseline -0.002 -11"><span class='ocrx_word' id='word_1_232' title='bbox 454 2937 599 3002; x_wconf 86' lang='lat' dir='ltr'>dem</span> <span class='ocrx_word' id='word_1_233' title='bbox 641 2935 744 2999; x_wconf 91' lang='lat' dir='ltr'>hic</span> <span class='ocrx_word' id='word_1_234' title='bbox 788 2933 999 2999; x_wconf 90' lang='lat' dir='ltr'>nullus</span> <span class='ocrx_word' id='word_1_235' title='bbox 1041 2931 1217 2997; x_wconf 88' lang='lat' dir='ltr'>locus</span> <span class='ocrx_word' id='word_1_236' title='bbox 1263 2930 1477 2995; x_wconf 88' lang='lat' dir='ltr'>datur:</span> <span class='ocrx_word' id='word_1_237' title='bbox 1524 2931 1888 3011; x_wconf 81' lang='lat' dir='ltr'>synaeresin</span> <span class='ocrx_word' id='word_1_238' title='bbox 1932 2933 2143 3013; x_wconf 88' lang='lat' dir='ltr'>arguit</span> <span class='ocrx_word' id='word_1_239' title='bbox 2163 2933 2484 3013; x_wconf 83' lang='lat' dir='ltr'>quantitas</span> <span class='ocrx_word' id='word_1_240' title='bbox 2515 2938 2689 2999; x_wconf 89' lang='lat' dir='ltr'>ante-</span> 
     </span>
     <span class='ocr_line' id='line_1_28' title="bbox 453 3029 2689 3121; baseline -0.001 -19"><span class='ocrx_word' id='word_1_241' title='bbox 453 3036 856 3120; x_wconf 84' lang='lat' dir='ltr'>penultimae,</span> <span class='ocrx_word' id='word_1_242' title='bbox 899 3051 1063 3115; x_wconf 87' lang='lat' dir='ltr'>quae</span> <span class='ocrx_word' id='word_1_243' title='bbox 1104 3032 1172 3097; x_wconf 91' lang='lat' dir='ltr'>in</span> <span class='ocrx_word' id='word_1_244' title='bbox 1212 3030 1332 3097; x_wconf 88' lang='lat' dir='ltr'>hoc</span> <span class='ocrx_word' id='word_1_245' title='bbox 1374 3033 1696 3097; x_wconf 91' lang='lat' dir='ltr'>nominum</span> <span class='ocrx_word' id='word_1_246' title='bbox 1739 3051 1967 3114; x_wconf 85' lang='lat' dir='ltr'>genere</span> <span class='ocrx_word' id='word_1_247' title='bbox 2012 3034 2200 3115; x_wconf 89' lang='lat' dir='ltr'>longa</span> <span class='ocrx_word' id='word_1_248' title='bbox 2241 3039 2357 3112; x_wconf 85' lang='lat' dir='ltr'>est,</span> <span class='ocrx_word' id='word_1_249' title='bbox 2404 3029 2689 3121; x_wconf 80' lang='grc' dir='ltr'>ἀφύδιον</span> 
     </span>
     <span class='ocr_line' id='line_1_29' title="bbox 456 3130 2690 3220; baseline -0.001 -15"><span class='ocrx_word' id='word_1_250' title='bbox 456 3136 775 3218; x_wconf 81' lang='lat' dir='ltr'>Aristoph.</span> <span class='ocrx_word' id='word_1_251' title='bbox 820 3136 1031 3217; x_wconf 87' lang='lat' dir='ltr'>Frgm.</span> <span class='ocrx_word' id='word_1_252' title='bbox 1077 3133 1147 3198; x_wconf 88' lang='lat' dir='ltr'>T.</span> <span class='ocrx_word' id='word_1_253' title='bbox 1191 3133 1257 3198; x_wconf 89' lang='lat' dir='ltr'>H</span> <span class='ocrx_word' id='word_1_254' title='bbox 1305 3131 1490 3214; x_wconf 80' lang='lat'><strong>1152,</strong></span> <span class='ocrx_word' id='word_1_255' title='bbox 1533 3130 1891 3220; x_wconf 77' lang='grc' dir='ltr'><strong><em>βοτρύδιον</em></strong></span> <span class='ocrx_word' id='word_1_256' title='bbox 1931 3134 2108 3200; x_wconf 81' lang='lat' dir='ltr'>Alex.</span> <span class='ocrx_word' id='word_1_257' title='bbox 2153 3134 2258 3199; x_wconf 86' lang='lat' dir='ltr'>Fr.</span> <span class='ocrx_word' id='word_1_258' title='bbox 2306 3134 2374 3200; x_wconf 90' lang='lat' dir='ltr'>T.</span> <span class='ocrx_word' id='word_1_259' title='bbox 2405 3135 2506 3201; x_wconf 93' lang='lat' dir='ltr'>III</span> <span class='ocrx_word' id='word_1_260' title='bbox 2547 3134 2690 3217; x_wconf 82' lang='grc'>462,</span> 
     </span>
     <span class='ocr_line' id='line_1_30' title="bbox 455 3234 2692 3322; baseline -0.001 -14.993"><span class='ocrx_word' id='word_1_261' title='bbox 455 3235 766 3322; x_wconf 78' lang='grc' dir='ltr'>ιχθύδιον</span> <span class='ocrx_word' id='word_1_262' title='bbox 836 3238 903 3302; x_wconf 90' lang='lat' dir='ltr'>in</span> <span class='ocrx_word' id='word_1_263' title='bbox 967 3235 1184 3301; x_wconf 89' lang='lat' dir='ltr'>multis</span> <span class='ocrx_word' id='word_1_264' title='bbox 1250 3235 1628 3301; x_wconf 88' lang='lat' dir='ltr'>comicorum</span> <span class='ocrx_word' id='word_1_265' title='bbox 1695 3235 1849 3301; x_wconf 89' lang='lat' dir='ltr'>locis</span> <span class='ocrx_word' id='word_1_266' title='bbox 1874 3236 1967 3317; x_wconf 84' lang='lat'>²),</span> <span class='ocrx_word' id='word_1_267' title='bbox 2041 3234 2118 3301; x_wconf 83' lang='lat' dir='ltr'>cf.</span> <span class='ocrx_word' id='word_1_268' title='bbox 2173 3235 2437 3302; x_wconf 90' lang='lat' dir='ltr'>Elemm.</span> <span class='ocrx_word' id='word_1_269' title='bbox 2482 3236 2516 3302; x_wconf 92' lang='grc' dir='ltr'><strong>Ι</strong></span> <span class='ocrx_word' id='word_1_270' title='bbox 2568 3235 2692 3305; x_wconf 83' lang='grc'>282</span> 
     </span>
     <span class='ocr_line' id='line_1_31' title="bbox 460 3335 2696 3426; baseline -0.002 -18"><span class='ocrx_word' id='word_1_271' title='bbox 460 3341 675 3426; x_wconf 92' lang='lat' dir='ltr'>[Proll.</span> <span class='ocrx_word' id='word_1_272' title='bbox 700 3338 872 3424; x_wconf 65' lang='lat'>358}</span> <span class='ocrx_word' id='word_1_273' title='bbox 942 3338 1102 3404; x_wconf 84' lang='lat' dir='ltr'>Cum</span> <span class='ocrx_word' id='word_1_274' title='bbox 1137 3337 1239 3403; x_wconf 89' lang='lat' dir='ltr'>his</span> <span class='ocrx_word' id='word_1_275' title='bbox 1263 3338 1688 3403; x_wconf 89' lang='lat' dir='ltr'>Buttmannus</span> <span class='ocrx_word' id='word_1_276' title='bbox 1712 3337 1766 3421; x_wconf 64' lang='grc' dir='ltr'>ἓ.</span> <span class='ocrx_word' id='word_1_277' title='bbox 1790 3335 1873 3401; x_wconf 83' lang='grc'>28</span> <span class='ocrx_word' id='word_1_278' title='bbox 1897 3336 2038 3402; x_wconf 88' lang='lat' dir='ltr'>adn.</span> <span class='ocrx_word' id='word_1_279' title='bbox 2063 3337 2102 3401; x_wconf 91' lang='lat'>3</span> <span class='ocrx_word' id='word_1_280' title='bbox 2136 3356 2196 3419; x_wconf 92' lang='lat' dir='ltr'>p.</span> <span class='ocrx_word' id='word_1_281' title='bbox 2226 3336 2348 3403; x_wconf 88' lang='lat'>106</span> <span class='ocrx_word' id='word_1_282' title='bbox 2381 3340 2696 3420; x_wconf 89' lang='lat' dir='ltr'>componit</span> 
     </span>
     <span class='ocr_line' id='line_1_32' title="bbox 460 3438 2695 3526; baseline -0.002 -16"><span class='ocrx_word' id='word_1_283' title='bbox 460 3446 770 3526; x_wconf 88' lang='lat' dir='ltr'>optativos</span> <span class='ocrx_word' id='word_1_284' title='bbox 783 3492 798 3522; x_wconf 87' lang='lat'>,</span> <span class='ocrx_word' id='word_1_285' title='bbox 872 3460 1029 3524; x_wconf 91' lang='lat' dir='ltr'>quos</span> <span class='ocrx_word' id='word_1_286' title='bbox 1096 3439 1491 3522; x_wconf 87' lang='lat' dir='ltr'>grammatici</span> <span class='ocrx_word' id='word_1_287' title='bbox 1560 3438 1780 3504; x_wconf 86' lang='lat' dir='ltr'>eodem</span> <span class='ocrx_word' id='word_1_288' title='bbox 1844 3445 2143 3505; x_wconf 87' lang='lat' dir='ltr'>revocant</span> <span class='ocrx_word' id='word_1_289' title='bbox 2206 3440 2491 3521; x_wconf 83' lang='lat' dir='ltr'>quamvis</span> <span class='ocrx_word' id='word_1_290' title='bbox 2535 3440 2695 3507; x_wconf 84' lang='lat' dir='ltr'>falso</span> 
     </span>
     <span class='ocr_line' id='line_1_33' title="bbox 367 3535 2694 3627; baseline -0.002 -16"><span class='ocrx_word' id='word_1_291' title='bbox 367 3616 371 3620; x_wconf 66' lang='grc'><strong>,</strong></span> <span class='ocrx_word' id='word_1_292' title='bbox 458 3546 707 3611; x_wconf 91' lang='lat' dir='ltr'>nomine</span> <span class='ocrx_word' id='word_1_293' title='bbox 732 3560 1041 3625; x_wconf 89' lang='lat' dir='ltr'>syncopae</span> <span class='ocrx_word' id='word_1_294' title='bbox 1084 3542 1202 3618; x_wconf 85' lang='lat' dir='ltr'>usi‚&#39;</span> <span class='ocrx_word' id='word_1_295' title='bbox 1251 3535 1628 3627; x_wconf 74' lang='grc' dir='ltr'><strong><em>ζευγνύμην,</em></strong></span> <span class='ocrx_word' id='word_1_296' title='bbox 1677 3543 1942 3606; x_wconf 80' lang='grc' dir='ltr'><strong><em>ὁαινῦτο</em></strong></span> <span class='ocrx_word' id='word_1_297' title='bbox 1965 3545 2081 3606; x_wconf 88' lang='lat' dir='ltr'>etc.</span> <span class='ocrx_word' id='word_1_298' title='bbox 2126 3560 2182 3606; x_wconf 86' lang='lat' dir='ltr'>v.</span> <span class='ocrx_word' id='word_1_299' title='bbox 2208 3541 2473 3607; x_wconf 90' lang='lat' dir='ltr'>Elemm.</span> <span class='ocrx_word' id='word_1_300' title='bbox 2496 3541 2528 3607; x_wconf 92' lang='grc' dir='ltr'>Ι</span> <span class='ocrx_word' id='word_1_301' title='bbox 2551 3539 2694 3607; x_wconf 82' lang='grc'><strong>347.</strong></span> 
     </span>
     <span class='ocr_line' id='line_1_34' title="bbox 462 3638 2695 3725; baseline -0 -14"><span class='ocrx_word' id='word_1_302' title='bbox 462 3647 628 3711; x_wconf 86' lang='lat' dir='ltr'>Ante</span> <span class='ocrx_word' id='word_1_303' title='bbox 651 3645 808 3710; x_wconf 90' lang='lat' dir='ltr'>alias</span> <span class='ocrx_word' id='word_1_304' title='bbox 828 3642 1305 3709; x_wconf 88' lang='lat' dir='ltr'>terminationes</span> <span class='ocrx_word' id='word_1_305' title='bbox 1348 3641 1523 3705; x_wconf 87' lang='lat' dir='ltr'>nulla</span> <span class='ocrx_word' id='word_1_306' title='bbox 1564 3638 1639 3706; x_wconf 89' lang='lat' dir='ltr'>fit</span> <span class='ocrx_word' id='word_1_307' title='bbox 1665 3641 2032 3708; x_wconf 86' lang='lat' dir='ltr'>contractio:</span> <span class='ocrx_word' id='word_1_308' title='bbox 2073 3638 2315 3725; x_wconf 78' lang='grc' dir='ltr'><strong><em>δυϊκός,</em></strong></span> <span class='ocrx_word' id='word_1_309' title='bbox 2362 3639 2695 3725; x_wconf 70' lang='grc' dir='ltr'>ἐμπυῦιός,</span> 
     </span>
    </p>
   </div>
   <div class='ocr_carea' id='block_1_8' title="bbox 465 3736 2696 3829">
    <p class='ocr_par' dir='ltr' id='par_1_9' title="bbox 465 3736 2696 3829">
     <span class='ocr_line' id='line_1_35' title="bbox 465 3736 2696 3829; baseline 0 -17"><span class='ocrx_word' id='word_1_310' title='bbox 465 3743 903 3827; x_wconf 73' lang='grc' dir='ltr'><strong><em>αἲμοπτυϊκός,</em></strong></span> <span class='ocrx_word' id='word_1_311' title='bbox 943 3740 1257 3823; x_wconf 74' lang='grc' dir='ltr'><strong><em>πιτύΐνος,</em></strong></span> <span class='ocrx_word' id='word_1_312' title='bbox 1283 3737 1588 3824; x_wconf 77' lang='grc' dir='ltr'><strong><em>οἶσύΐνος,</em></strong></span> <span class='ocrx_word' id='word_1_313' title='bbox 1623 3736 1808 3825; x_wconf 82' lang='grc' dir='ltr'><strong><em>ὖΐζω,</em></strong></span> <span class='ocrx_word' id='word_1_314' title='bbox 1845 3742 2111 3821; x_wconf 74' lang='grc' dir='ltr'><strong><em>κυΐσκω,</em></strong></span> <span class='ocrx_word' id='word_1_315' title='bbox 2137 3743 2481 3829; x_wconf 78' lang='grc' dir='ltr'><strong><em>ἐμπυὶόκω</em></strong></span> <span class='ocrx_word' id='word_1_316' title='bbox 2503 3746 2696 3829; x_wconf 82' lang='lat' dir='ltr'>etc.⁸).</span> 
     </span>
    </p>
   </div>
   <div class='ocr_carea' id='block_1_9' title="bbox 512 3868 669 3876">
    <p class='ocr_par' dir='ltr' id='par_1_10' title="bbox 512 3868 669 3876">
     <span class='ocr_line' id='line_1_36' title="bbox 512 3868 669 3876; baseline 0.013 -1"><span class='ocrx_word' id='word_1_317' title='bbox 512 3868 669 3876; x_wconf 74' lang='lat'><em>--—-——-</em></span> 
     </span>
    </p>
   </div>
   <div class='ocr_carea' id='block_1_10' title="bbox 674 3868 977 3876">
    <p class='ocr_par' dir='ltr' id='par_1_11' title="bbox 674 3868 977 3876">
     <span class='ocr_line' id='line_1_37' title="bbox 674 3868 977 3876; baseline 0 1052"><span class='ocrx_word' id='word_1_318' title='bbox 674 3868 977 3876; x_wconf 95' lang='lat' dir='ltr'> </span> 
     </span>
    </p>
   </div>
   <div class='ocr_carea' id='block_1_11' title="bbox 465 3929 2700 4356">
    <p class='ocr_par' dir='ltr' id='par_1_12' title="bbox 465 3929 2700 4252">
     <span class='ocr_line' id='line_1_38' title="bbox 582 3929 2698 4001; baseline -0.001 -13"><span class='ocrx_word' id='word_1_319' title='bbox 582 3951 587 3955; x_wconf 68' lang='grc'><em>’</em></span> <span class='ocrx_word' id='word_1_320' title='bbox 636 3930 693 3995; x_wconf 78' lang='lat'>2)</span> <span class='ocrx_word' id='word_1_321' title='bbox 731 3933 1022 3998; x_wconf 84' lang='lat' dir='ltr'>Corripitur</span> <span class='ocrx_word' id='word_1_322' title='bbox 1056 3933 1158 3984; x_wconf 90' lang='lat' dir='ltr'>hoc</span> <span class='ocrx_word' id='word_1_323' title='bbox 1191 3947 1226 3984; x_wconf 83' lang='lat' dir='ltr'>a</span> <span class='ocrx_word' id='word_1_324' title='bbox 1257 3931 1427 3998; x_wconf 84' lang='lat' dir='ltr'>poetis</span> <span class='ocrx_word' id='word_1_325' title='bbox 1460 3933 1674 3984; x_wconf 83' lang='lat' dir='ltr'>novitiis</span> <span class='ocrx_word' id='word_1_326' title='bbox 1691 3931 1853 3986; x_wconf 78' lang='lat' dir='ltr'>Anth.</span> <span class='ocrx_word' id='word_1_327' title='bbox 1872 3931 1947 3983; x_wconf 86' lang='lat' dir='ltr'>XI</span> <span class='ocrx_word' id='word_1_328' title='bbox 1967 3929 2090 3998; x_wconf 19' lang='lat'>1405</span> <span class='ocrx_word' id='word_1_329' title='bbox 2123 3933 2307 3984; x_wconf 82' lang='lat' dir='ltr'>eadem</span> <span class='ocrx_word' id='word_1_330' title='bbox 2344 3934 2559 3986; x_wconf 83' lang='lat' dir='ltr'>licentia</span> <span class='ocrx_word' id='word_1_331' title='bbox 2595 3949 2698 4001; x_wconf 78' lang='lat' dir='ltr'>qua</span> 
     </span>
     <span class='ocr_line' id='line_1_39' title="bbox 465 4011 2700 4089; baseline 0 -18"><span class='ocrx_word' id='word_1_332' title='bbox 465 4020 711 4089; x_wconf 75' lang='grc' dir='ltr'><strong><em>γέφυρα,</em></strong></span> <span class='ocrx_word' id='word_1_333' title='bbox 747 4012 988 4085; x_wconf 75' lang='grc' dir='ltr'><strong><em>λάγυνος</em></strong></span> <span class='ocrx_word' id='word_1_334' title='bbox 1022 4022 1139 4081; x_wconf 71' lang='lat' dir='ltr'>etc„</span> <span class='ocrx_word' id='word_1_335' title='bbox 1173 4033 1225 4069; x_wconf 76' lang='lat' dir='ltr'>v·</span> <span class='ocrx_word' id='word_1_336' title='bbox 1262 4017 1462 4070; x_wconf 78' lang='lat' dir='ltr'>Jacobs</span> <span class='ocrx_word' id='word_1_337' title='bbox 1498 4015 1619 4068; x_wconf 79' lang='lat' dir='ltr'>adn.</span> <span class='ocrx_word' id='word_1_338' title='bbox 1654 4011 1741 4068; x_wconf 79' lang='lat'>26.</span> <span class='ocrx_word' id='word_1_339' title='bbox 1797 4016 2108 4083; x_wconf 69' lang='lat' dir='ltr'>synaeresis</span> <span class='ocrx_word' id='word_1_340' title='bbox 2142 4015 2240 4070; x_wconf 78' lang='lat' dir='ltr'>ina</span> <span class='ocrx_word' id='word_1_341' title='bbox 2278 4032 2386 4070; x_wconf 87' lang='lat' dir='ltr'>non</span> <span class='ocrx_word' id='word_1_342' title='bbox 2420 4018 2700 4071; x_wconf 79' lang='lat' dir='ltr'>adhibetur</span> 
     </span>
     <span class='ocr_line' id='line_1_40' title="bbox 467 4101 2699 4174; baseline 0 -19"><span class='ocrx_word' id='word_1_343' title='bbox 467 4103 763 4167; x_wconf 81' lang='lat' dir='ltr'>vocabulis,</span> <span class='ocrx_word' id='word_1_344' title='bbox 800 4117 942 4174; x_wconf 81' lang='lat' dir='ltr'>quae</span> <span class='ocrx_word' id='word_1_345' title='bbox 974 4103 1180 4154; x_wconf 78' lang='lat' dir='ltr'>literam</span> <span class='ocrx_word' id='word_1_346' title='bbox 1214 4102 1554 4170; x_wconf 72' lang='lat' dir='ltr'>Pythagorae</span> <span class='ocrx_word' id='word_1_347' title='bbox 1587 4105 1643 4154; x_wconf 90' lang='lat' dir='ltr'>in</span> <span class='ocrx_word' id='word_1_348' title='bbox 1678 4101 1885 4169; x_wconf 77' lang='lat' dir='ltr'>syllaba</span> <span class='ocrx_word' id='word_1_349' title='bbox 1917 4102 2194 4169; x_wconf 79' lang='lat' dir='ltr'>principali</span> <span class='ocrx_word' id='word_1_350' title='bbox 2228 4104 2452 4169; x_wconf 76' lang='lat' dir='ltr'>positam</span> <span class='ocrx_word' id='word_1_351' title='bbox 2470 4102 2699 4156; x_wconf 81' lang='lat' dir='ltr'>habent:</span> 
     </span>
     <span class='ocr_line' id='line_1_41' title="bbox 467 4176 1246 4252; baseline 0 -13"><span class='ocrx_word' id='word_1_352' title='bbox 467 4176 740 4250; x_wconf 67' lang='grc' dir='ltr'>τιτυΐδιον,</span> <span class='ocrx_word' id='word_1_353' title='bbox 776 4181 976 4252; x_wconf 67' lang='grc' dir='ltr'><strong><em>ὖΐδιον,</em></strong></span> <span class='ocrx_word' id='word_1_354' title='bbox 1012 4184 1246 4241; x_wconf 58' lang='lat' dir='ltr'>wimer.</span> 
     </span>
    </p>

    <p class='ocr_par' dir='ltr' id='par_1_13' title="bbox 640 4267 2699 4356">
     <span class='ocr_line' id='line_1_42' title="bbox 640 4267 2699 4356; baseline 0 -30"><span class='ocrx_word' id='word_1_355' title='bbox 640 4270 695 4334; x_wconf 75' lang='lat'>3)</span> <span class='ocrx_word' id='word_1_356' title='bbox 712 4272 855 4324; x_wconf 79' lang='lat' dir='ltr'>Inter</span> <span class='ocrx_word' id='word_1_357' title='bbox 872 4267 1141 4345; x_wconf 75' lang='grc' dir='ltr'>ρὐκομαι</span> <span class='ocrx_word' id='word_1_358' title='bbox 1163 4279 1218 4326; x_wconf 85' lang='lat' dir='ltr'>et</span> <span class='ocrx_word' id='word_1_359' title='bbox 1233 4269 1550 4345; x_wconf 70' lang='grc' dir='ltr'><strong><em>ρυἵοκομαι,</em></strong></span> <span class='ocrx_word' id='word_1_360' title='bbox 1557 4269 1927 4356; x_wconf 59' lang='grc' dir='ltr'>ῥιαρρυΐσκομ</span> <span class='ocrx_word' id='word_1_361' title='bbox 1934 4290 1994 4324; x_wconf 83' lang='grc' dir='ltr'>αι</span> <span class='ocrx_word' id='word_1_362' title='bbox 2010 4273 2157 4326; x_wconf 84' lang='lat' dir='ltr'>nulla</span> <span class='ocrx_word' id='word_1_363' title='bbox 2168 4273 2443 4337; x_wconf 72' lang='lat' dir='ltr'>intercedit</span> <span class='ocrx_word' id='word_1_364' title='bbox 2459 4274 2699 4326; x_wconf 74' lang='lat' dir='ltr'>societas.</span> 
     </span>
    </p>
   </div>
  </div>
 </body>
</html>
