2946 4928
396 318 517 386 136
787 337 791 342 ’
1164 316 1723 384 DISSERTATIO
1786 318 1898 385 VI.
1989 261 1993 265 ι

389 481 840 565 parisyllabae‚
908 482 1076 565 quod
1142 482 1332 548 schol.
1379 482 1599 548 sumit:
1671 487 2082 572 περισπᾶται
2147 487 2241 573 τῷ
2286 478 2458 571 λόγῳ
2502 492 2632 551 τῶν

388 582 482 664 εἰς
527 606 620 662 ους
672 579 931 651 διπλῶν·
1000 584 1187 672 παρὰ
1253 585 1370 672 τὴν
1433 584 1740 708 φοίνικος
1805 587 2059 673 γενικὴν
2112 585 2478 676 φοινικόεις
2523 590 2630 657 καὶ

388 684 763 777 φοικικιόες
808 687 874 755 ἒν
920 683 1289 777 ὑπερθέσει
1355 688 1465 753 καί
1514 694 1883 775 φοινικιοῦς
1931 692 2327 780 συναιρέσει,
2371 693 2489 758 hoc
2531 698 2633 759 est

389 792 552 857 crasi
596 794 716 856 τοῦ
762 827 791 862 ο
828 789 936 857 καὶ
984 795 1037 862 ἴ.
1123 791 1332 857 Huius
1377 791 1573 873 igitur
1602 794 1931 859 sententia
1974 792 2111 875 fuit,
2156 795 2289 861 iota
2330 798 2629 862 termina-

387 895 576 961 tionis
623 896 759 972 3⁸75
821 899 969 961 ante
1013 898 1065 964 ἲ
1113 895 1419 976 positum,
1485 895 1606 961 hoc
1672 900 1886 961 autem
1953 915 2095 963 cum
2137 904 2190 971 ἶ
2239 905 2632 967 contractum

388 1017 547 1064 esse.
636 998 713 1063 In
757 997 1121 1063 Aristotelis
1165 997 1328 1063 libro
1374 998 1453 1063 de
1500 996 1701 1065 Color.
1749 1017 1800 1064 c.
1844 999 1903 1065 V
1945 1001 2088 1082 plus
2135 1003 2345 1069 decies
2399 1004 2633 1086 legitur

387 1105 733 1189 φοινικοῦς
799 1115 941 1165 cum
1005 1104 1232 1165 neutro
1277 1104 1616 1187 φοινικοῦν
1661 1102 1793 1168 Sive
1860 1108 2252 1190 φοινικιοῦν,
2321 1125 2483 1188 quae
2550 1107 2633 1172 ad

384 1205 726 1271 secundam
771 1221 970 1285 aeque
1016 1221 1090 1268 ac
1134 1203 1389 1268 tertiam
1427 1204 1911 1272 declinationem
1931 1206 2157 1274 referri
2176 1214 2470 1291 possunt3
2516 1210 2634 1275 sed

383 1309 616 1375 diversi
661 1307 896 1374 ordinis
942 1312 1092 1372 sunt
1137 1311 1435 1394 φοινικοῖ
1473 1312 1549 1372 ut
1594 1316 1940 1425 πορφυροῖ
1985 1309 2126 1376 795.
2150 1311 2210 1376 b.
2256 1312 2361 1394 27,
2411 1337 2627 1402 φοινι-

386 1416 496 1478 κιᾶ
545 1409 668 1477 796
714 1430 769 1475 a.
822 1409 901 1475 10
946 1414 1013 1474 et
1071 1410 1138 1474 in
1209 1409 1434 1476 eadem
1487 1412 1720 1493 pagina
1763 1414 1875 1478 ult.
1924 1420 2395 1515 φοινικιοῦντα,
2461 1433 2626 1497 quae

385 1516 441 1581 si
484 1534 636 1581 vera
701 1518 800 1580 est
866 1513 1207 1595 scriptura,
1276 1514 1367 1580 sic
1432 1515 1715 1582 dieamus
1761 1521 2035 1599 oportet,
2103 1535 2218 1599 pro
2264 1514 2633 1604 φοινικόεις

383 1619 625 1700 aliquos
672 1614 1071 1706 φοινικιόεις
1114 1617 1350 1683 dixisse
1415 1619 1547 1685 iota
1591 1619 1953 1686 abundante
2018 1625 2093 1687 ut
2137 1616 2450 1708 ἅφριόεις
2492 1627 2630 1704 ete„

382 1742 439 1787 v.
481 1722 749 1788 Elemm.
795 1720 829 1786 Ι
872 1718 1016 1801 457,
1064 1726 1401 1802 sequentes
1446 1728 1661 1788 autem
1704 1724 1955 1789 vocales
2001 1741 2178 1789 more
2223 1729 2521 1791 consueto
2563 1727 2632 1790 in

380 1823 468 1898 Εἴ
512 1829 867 1892 contractas
891 1841 1061 1889 esse:
1109 1828 1493 1911 φοινικιοῦς.
1593 1826 1929 1905 Φοινίκιος
1973 1828 2028 1891 si
2071 1831 2361 1893 exstaret
2403 1829 2630 1894 eoloris

384 1929 737 2011 epitheton,
804 1927 950 1992 hinc
1013 1928 1513 2008 promtissimum
1570 1933 1743 1994 esset
1786 1927 2180 2017 φοινικιόεις
2222 1936 2514 2012 repetere
2557 1937 2633 1998 ut

296 2097 303 2103 ,
386 2025 617 2118 ἄγριος
663 2024 975 2118 ἆγριόεις.
1092 2029 1232 2095 Hac
1284 2035 1486 2106 certe&
1513 2033 1758 2097 ratione
1802 2032 2212 2116 hyperthesin
2255 2034 2634 2101 scholiastae

378 2135 679 2217 placitam
724 2131 1074 2215 effugimus.
1167 2130 1293 2199 Sed
1334 2135 1480 2200 nolo
1536 2135 1603 2199 in
1653 2154 1725 2200 re
1768 2136 2070 2217 perplexa
2114 2136 2351 2202 diutius
2395 2138 2630 2205 tricari.

386 2276 457 2286 -
512 2236 672 2303 Cum
708 2232 985 2316 Ὅπὸεις
1023 2231 1278 2316 Ὀποῦς
1319 2238 1746 2305 Buttmannus
1793 2239 1848 2324 ξ.
1893 2239 1994 2304 28.
2040 2238 2082 2303 4
2124 2258 2185 2320 p.
2223 2238 2342 2305 105
2390 2239 2635 2306 confert

379 2340 722 2407 infinitivos
767 2338 1024 2426 ῥιγοῦν,
1071 2334 1357 2421 ὖπνοῦν,
1424 2361 1694 2428 quorum
1734 2341 1937 2408 forma
1979 2341 2212 2408 Dorica
2273 2342 2351 2407 ab
2397 2342 2628 2409 Atticis

388 2447 455 2512 in
500 2445 740 2529 aliquot
781 2441 992 2512 verbis
1027 2444 1357 2527 adoptata:
1403 2448 1604 2537 ῥιγῶν
1649 2451 1765 2513 etc.
1800 2445 2088 2528 congruit
2132 2443 2274 2511 eum
2320 2445 2632 2513 adjectivo

388 2567 582 2632 supra
615 2548 826 2614 allatis
853 2547 1070 2613 simili:
1117 2553 1457 2637 τυρῶντες.
1549 2544 1625 2614 In
1668 2549 2006 2615 indicativo
2050 2553 2269 2614 contra
2310 2548 2441 2613 iota
2481 2568 2627 2631 per-

383 2653 574 2718 durat
625 2652 841 2734 ,epsilo
912 2649 1147 2717 abolito
1170 2651 1263 2736 *)‚
1329 2658 1403 2719 ut
1448 2653 1841 2719 Theodosius
1908 2652 2093 2718 docet
2149 2646 2408 2733 gramm.
2460 2652 2628 2719 1008

374 2751 677 2839 χρυσόεις
722 2753 862 2822 ἔδει
904 2757 1208 2839 χρυσοῦς·
1255 2755 1329 2822 τὸ
1376 2757 1505 2844 γὰρ
1549 2760 1602 2829 ἵ
1651 2756 1760 2824 καὶ
1806 2759 1848 2829 ἕ
1894 2752 1989 2835 εἷς
2032 2754 2149 2843 τὴν
2194 2757 2260 2827 0-12
2305 2759 2625 2841 κιρνᾶται·

380 2853 522 2923 ἀλλ’
572 2856 724 2924 ἐπεὶ
789 2856 871 2924 τὰ
939 2853 1034 2937 εἷς
1090 2858 1151 2929 εἴ
1196 2855 1462 2947 ῥήματα
1518 2859 1585 2927 ἐν
1630 2860 1917 2948 δευτέρῳ
1964 2854 2311 2946 προσώπῳ
2359 2855 2629 2938 πάντως

379 2958 747 3049 δίφθογγον
790 2956 923 3044 ἔχει
968 2962 1084 3050 τὴν
1125 2963 1295 3047 μετὰ
1340 2969 1460 3030 τοῦ
1504 2964 1556 3049 ι’,
1599 2960 2043 3053 ἐπεκράτησεν
2087 2957 2128 3051 ἡ
2167 2964 2220 3034 ’ἐῖ
2256 2959 2630 3049 δίφθογγος

383 3060 864 3151 ἒκθλιφθέντος
907 3067 1022 3132 τοῦ
1066 3067 1106 3138 ἐ’
1136 3067 1231 3150 (et
1273 3067 1353 3133 ab
1397 3067 1704 3133 inusitato
1751 3063 1959 3135 διδόω
1993 3069 2226 3145 διδοῖς,
2263 3066 2621 3149 ,διδοῖ’).-

389 3166 656 3233 Ceterae
702 3167 1004 3233 orationis
1049 3173 1266 3251 partes
1310 3169 1467 3235 nihil
1511 3170 1636 3236 huo
1681 3169 2009 3236 conferunt
2071 3174 2328 3250 praeter
2370 3169 2628 3252 synthe-

379 3277 490 3337 ton
534 3272 808 3359 πρῷρα,
876 3271 931 3337 Si
972 3290 1126 3338 vera
1192 3278 1293 3339 est
1358 3274 1718 3340 coniectura
1780 3278 2016 3354 nostra,
2080 3272 2148 3339 id
2212 3290 2291 3339 ex
2334 3269 2623 3361 πρόειρα

378 3379 769 3441 contractum
837 3392 1009 3456 esse,
1075 3374 1196 3442 hoc
1262 3381 1476 3444 autem
1543 3397 1582 3443 a
1645 3378 2112 3460 praepositione
2170 3372 2305 3462 πρό
2350 3376 2625 3442 crevisse

376 3479 818 3559 terminatione
875 3480 1255 3562 paragogica
1318 3486 1393 3547 ut
1458 3481 1723 3568 πρέσβα
1771 3482 2167 3570 πρέσβειρα,
2235 3472 2362 3563 ἆρά
2412 3472 2624 3565 ἇρειά,

360 3574 545 3659 ”laag
592 3576 898 3667 Ἱλάειρα,
945 3601 1003 3647 v.
1048 3582 1333 3667 Prolegg.
1379 3581 1482 3666 39,
1547 3585 1925 3668 proprieque
1971 3579 2322 3667 significare
2356 3603 2626 3667 prosam

515 3804 571 3871 1)
617 3806 876 3874 Exempla
922 3808 1204 3862 vorborum
1256 3798 1682 3877 bisyllaborumz‘
1710 3813 1813 3878 χοῖ
1869 3825 1965 3877 pro
2011 3803 2136 3877 χόει
2189 3815 2292 3864 ete.
2339 3808 2492 3863 attuli
2545 3810 2616 3862 ad

381 3895 575 3946 Buttm.
611 3891 731 3947 238.

524 3978 582 4046 *)
624 3980 694 4032 In
722 3980 936 4059 Qella
970 3979 1114 4048 lonye
1149 3979 1318 4033 alieno
1344 3981 1457 4062 Q
1492 3981 1642 4034 allita
1677 3982 1917 4050 leguntur
1950 3981 2098 4033 haece
2151 3982 2410 4046 „Venales
2449 3967 2537 4034 ἶῖι
2569 3983 2630 4033 in

381 4066 581 4127 verbis,
618 4068 674 4118 in
731 4084 806 4119 οω
844 4067 1222 4120 contrahuntur
1255 4070 1312 4120 in
1348 4086 1457 4127 οιςε
1489 4073 1719 4139 χρυσοῖς
1753 4069 1948 4120 omisso
1985 4068 2169 4134 epsi10‚
2205 4069 2458 4120 retinetur
2490 4082 2621 4118 vero

396 4150 555 4220 [iota]‚
592 4155 718 4219 quia
755 4153 824 4205 ad
858 4153 1220 4206 formationem
1249 4157 1486 4221 pertinet-
1559 4155 1739 4208 Sedin
1756 4154 2054 4207 nominibus
2071 4155 2128 4205 in
2165 4137 2273 4211 He}
2306 4152 2619 4209 exeuntibus

381 4239 515 4289 duae
569 4239 767 4304 primae
830 4241 1045 4293 vocales
1100 4241 1479 4295 contrahuntur
1504 4279 1519 4306 ,
1583 4243 1741 4295 tertia
1762 4278 1776 4306 ,
1838 4257 1974 4308 quae
2025 4257 2092 4293 ex
2141 4245 2293 4309 tropo
2342 4245 2470 4293 nata
2522 4245 2619 4305 est,

375 4322 731 4378 obliterat1u“.
