2946 4928
573 350 688 416 DE
732 348 1526 417 PnoscimMATISMO.
1584 300 1667 416 ²1³.
1690 350 1806 416 111.
1852 350 2058 418 6111.
2100 353 2160 439 §-
2182 353 2240 419 2.
2414 348 2540 421 26⁷

296 516 615 598 Theognis
660 534 907 599 quoqne
957 513 1122 581 1316
1169 512 1445 599 ἔχεισθα
1492 512 1791 582 scribens,
1877 515 2059 598 Epici
2109 517 2228 583 hoc
2270 516 2540 583 transfe-

294 623 451 684 runt
495 618 576 684 ad
605 618 800 685 verba
819 620 1263 701 perispomena
1307 624 1374 686 et
1413 620 1481 685 in
1523 626 1601 699 ,Ἱῖ
1642 617 2013 699 desinentia,
2058 636 2322 700 quorum
2345 638 2542 685 unum

295 723 615 804 disceptat
656 721 1054 788 Herodianus
1097 722 1171 787 Il.
1193 721 1347 788 XIX
1392 724 1521 788 270
1566 724 1886 790 διδοισθα
1934 758 2011 771 -
2061 719 2124 788 οἲ
2167 721 2289 806 μὲν
2329 718 2541 809 βαρί-

296 848 523 893 νουσιν
569 820 707 890 άπὸ
754 828 873 890 τοῦ
921 823 1175 908 δι’δοιμι
1224 818 1314 903 ὡς
1356 827 1678 913 τίθησθα,
1731 821 1795 891 οἶ
1841 824 1921 903 δὲ,
1960 829 2380 912 περισπῶσιν
2426 824 2539 893 ἐπ-

298 928 565 997 έκτασιν
610 919 782 995 εἶναι
827 923 1121 1012 οἰόμενοι
1172 926 1312 992 ἀπὸ
1372 930 1493 993 τοῦ
1560 929 1790 1007 διδοῖς.
1874 926 2014 993 Hoc
2076 947 2246 995 nunc
2289 929 2543 995 Aeolico

296 1030 426 1111 illi,
473 1031 641 1114 quod
686 1031 835 1097 olim
877 1030 1279 1123 vulgabatur,
1352 1029 1769 1096 substitutum
1815 1034 1917 1120 est
1960 1036 2217 1097 auctore
2261 1032 2540 1098 Aristar-

296 1134 443 1214 chi),
512 1135 611 1199 cui
678 1135 1104 1200 Buttmannus
1175 1132 1617 1215 adstipulatur.
1734 1129 2060 1220 Τίθησθα
2117 1132 2235 1198 Od.
2280 1129 2374 1199 IX
2416 1132 2542 1200 404

296 1237 583 1302 nonnulli
624 1256 740 1319 pro
783 1237 1152 1321 imperfecto
1194 1235 1451 1316 habent,
1498 1235 1611 1300 sed
1643 1235 1856 1302 XXIV
1879 1235 2007 1302 476
2050 1254 2354 1319 praesens
2399 1255 2542 1303 esse

296 1340 613 1420 convenit,
658 1340 813 1406 item
849 1333 1052 1407 εἶσθα
1100 1334 1246 1406 ἀντὶ
1289 1341 1403 1403 τοῦ
1427 1334 1608 1424 ἥξεις
1652 1332 1794 1404 απὸ
1841 1341 1962 1404 τοῦ
2006 1332 2142 1423 εἶμι
2165 1338 2336 1430 ΕΜ,
2374 1340 2542 1420 quod

293 1443 549 1524 utrique
595 1444 856 1510 carmini
899 1460 1224 1510 commune
1269 1445 1385 1508 est.
1472 1439 1855 1523 Ambiguum
1888 1460 2111 1508 rursus
2159 1446 2412 1532 φῇσθα,
2460 1443 2539 1508 de

296 1564 424 1628 quo
466 1547 635 1612 idem
680 1546 1081 1613 Herodianus
1124 1564 1241 1612 nos
1308 1545 1607 1610 admonet
1648 1544 1721 1610 11.
1766 1544 1922 1610 XXI
1971 1544 2112 1625 186,
2159 1544 2234 1610 τὸ
2282 1550 2542 1634 φῆσθα,

295 1645 434 1717 εἴτε
480 1649 798 1717 ἐνεστῶτα
843 1646 1181 1738 σημαίνει,
1231 1645 1994 1735 προπερισπαθὴσεται,
2064 1643 2197 1714 εἴτε
2244 1642 2545 1733 δεύτερον

296 1747 642 1836 ἀόριστον,
713 1752 823 1836 qui
883 1756 1030 1817 ante
1073 1748 1371 1817 Wolfium
1434 1750 1769 1832 legebatur
1813 1749 1929 1816 Od.
1975 1750 2127 1816 XIV
2175 1748 2326 1830 149,
2394 1750 2542 1815 sub-

294 1859 500 1925 tracto
543 1856 676 1920 iota
718 1855 1073 1937 praesentis
1116 1853 1641 1919 characteristico.
1731 1853 1906 1932 Quae
1971 1858 2305 1936 praeterea
2369 1854 2542 1919 inve-

294 1957 557 2022 niuntur
598 1959 952 2040 praesentis
996 1959 1300 2041 temporis
1330 1957 1634 2038 exempla,
1681 1956 1765 2022 ad
1807 1957 2025 2023 modos
2070 1955 2355 2039 obliquos
2399 1974 2543 2038 per-

293 2060 515 2142 tinent,
562 2061 981 2149 σπένδῃσθα,
1027 2058 1387 2150 ἐθέλῃσθα,
1432 2056 1882 2149 βουλεύῃσθα,
1933 2055 2259 2148 εὕδῃσθα,
2330 2057 2543 2148 δηθύ-

295 2170 542 2253 νῃσθα,
588 2183 909 2247 unumque
954 2166 1235 2247 optativi,
1281 2165 1450 2247 quod
1469 2162 1848 2230 Eustatbius
1885 2160 2067 2230 1368.
2113 2160 2197 2230 29
2241 2167 2544 2246 tanquam

295 2268 615 2350 singulare
660 2268 975 2350 exsignat·
1044 2268 1119 2334 τὸ
1166 2267 1530 2335 κλαίοισθα
1604 2268 1815 2356 δηλοῖ
1859 2265 1972 2333 καὶ
2037 2270 2172 2346 τοῖς
2215 2262 2541 2345 εὐκτικοῖς

294 2364 544 2462 ῥῆμασι
593 2370 1095 2470 προσέρχεσθαι
1138 2368 1256 2458 τὴν
1306 2372 1404 2442 θ-οι
1448 2367 1842 2458 πρόσθεσιν.
1932 2369 2140 2436 Huius
2207 2369 2379 2437 modi
2445 2374 2547 2436 est

291 2492 596 2556 praesens
661 2473 854 2540 verbi
905 2458 1280 2541 subtantivi
1317 2469 1567 2564 είησθα
1635 2474 1908 2557 Tbeogn.
1953 2491 2009 2540 v.
2057 2473 2182 2541 715
2250 2479 2317 2541 et
2379 2493 2543 2541 unus

293 2577 610 2643 aoristus
640 2576 953 2643 secundus
1021 2567 1508 2665 προφύγοισθα
1575 2577 1692 2644 Od.
1738 2577 1925 2643 XXII
1971 2555 2115 2659 325,
2184 2597 2223 2643 a
2266 2572 2589 2644 Maximo'

292 2681 562 2762 iteratus
606 2700 663 2746 v,
713 2679 868 2761 203,
934 2699 1081 2746 nam
1147 2681 1228 2747 de
1292 2678 1632 2765 βάλοισθα
1697 2680 2008 2747 incertum
2027 2730 2043 2761 ,
2109 2699 2224 2764 pro
2289 2699 2412 2764 quo
2477 2683 2544 2746 in

281 2781 366 2847 Il.
414 2779 532 2847 XV
576 2781 696 2847 571
746 2782 1122 2849 Eustathius
1164 2780 1486 2873 βάλῃσθα
1533 2783 1836 2865 scriptum
1879 2783 2137 2864 invenit,
2205 2782 2375 2867 quod
2439 2802 2542 2849 co-

294 2884 466 2950 dices
509 2885 792 2950 nonnulli
834 2886 1145 2969 praebent
1188 2887 1563 2954 conveniens
1620 2903 1763 2951 cum
1808 2881 2183 2976 πάθῃσθα,
2252 2885 2541 2977 πίῃσθα,

153 3051 178 3058 r
294 2983 607 3077 εἴπῃσθα.
698 2987 825 3054 Sed
869 2985 1147 3079 ἴδῃσθα,
1195 2988 1363 3071 quod
1394 2986 1738 3069 Gregorius
1782 2985 1906 3053 581
1955 3005 2097 3054 cum
2140 2988 2260 3055 hoc
2303 2995 2371 3056 et
2413 2991 2541 3056 dis-

293 3090 486 3156 simili
531 3086 837 3180 ςὶἱδῃσθα
881 3094 1048 3159 inter
1090 3108 1276 3158 voces
1324 3090 1613 3158 Aeolicas
1656 3089 1872 3172 refert,
1917 3090 2221 3173 Homero,
2284 3092 2339 3158 si
2385 3095 2542 3160 satis

291 3193 568 3272 attendi,
636 3212 760 3260 non
803 3196 1007 3278 magis
1049 3198 1424 3278 usurpatum
1491 3198 1592 3260 est
1635 3199 1825 3276 quam
1867 3212 2171 3277 praesens
2235 3191 2541 3285 εἷδῇσθα.

180 3300 188 3305 ’
294 3295 618 3362 Aoristum
652 3298 927 3379 primum
971 3299 1169 3393 semel
1188 3297 1311 3363 huc
1336 3297 1616 3377 deduxit,
1662 3291 2012 3386 ἐλάσῃσθα
2047 3296 2118 3362 Il.
2141 3296 2362 3363 XXIII
2385 3297 2541 3378 3423

179 3452 209 3474 .
296 3400 551 3482 saepius
596 3418 745 3467 vero
788 3399 1123 3465 verborum
1166 3401 1231 3465 in
1274 3405 1341 3486 ῐῐι
1382 3399 1858 3481 inclinamenta,
1915 3417 2077 3483 quae
2122 3417 2330 3465 sermo
2375 3415 2541 3466 com-

290 3503 513 3589 munis,
548 3508 620 3569 et
637 3503 887 3568 Atticus
931 3493 1187 3585 recepit.
1207 3541 1278 3551 -
1307 3503 1554 3570 Horum
1596 3496 1793 3569 unum
1839 3495 2001 3591 ἦσθ
2016 3527 2058 3568 α
2104 3502 2307 3567 86111111
2359 3522 2541 3586 repe-

287 3607 455 3671 ritur
498 3605 668 3687 apud
712 3606 975 3686 Atticos,
1021 3605 1205 3673 modo
1231 3626 1525 3674 consona
1568 3610 1916 3688 exceptum,
1960 3606 2146 3672 modo
2168 3606 2395 3686 vocali3
2443 3598 2542 3692 ἧς,

291 3709 460 3790 quod
503 3708 878 3774 Ammonius
924 3710 1240 3775 soloecum
1284 3727 1426 3776 esse
1471 3709 1727 3788 iudicat,
1775 3727 1852 3774 ex
1873 3708 2197 3791 Euripidis
2233 3709 2540 3790 versibuS,

273 3829 449 3892 ,quos
496 3811 577 3876 ad
600 3810 698 3876 Ai.
734 3830 794 3893 p.
824 3810 948 3877 312
974 3813 1072 3877 ed.
1093 3813 1126 3878 I
1169 3818 1555 3892 notaveram,
1599 3829 1765 3876 nunc
1788 3811 2106 3878 sublatum
2134 3816 2252 3892 est,
2296 3829 2354 3877 v.
2377 3811 2541 3879 Her·

287 3932 498 3979 mann.
545 3914 626 3978 ad
670 3897 1123 3994 Nubb.1030;
1181 3914 1473 3981 crebrum
1538 3931 1688 3980 vero
1754 3919 1821 3979 et
1884 3914 2004 3980 hoc
2068 3920 2135 3979 et
2199 3917 2544 3998 composita

291 4010 533 4104 παρῆς,
584 4021 782 4104 συνῆς
823 4036 947 4084 11611
990 4018 1328 4084 Plutarcho
1374 4017 1607 4097 solum,
1654 4017 1768 4083 sed
1811 4017 2003 4083 etiam
2046 4017 2324 4085 Luciano
2370 4020 2540 4084 aliis-

147 4155 160 4167 ·
298 4137 422 4202 que
468 4118 750 4184 eiusdem
796 4119 1145 4202 elegantiae
1192 4119 1719 4199 aemulatoribuS,
1786 4138 1943 4201 quos
2011 4121 2093 4185 ad
2136 4119 2583 4222 Phryn.149·

289 4221 577 4287 indicavi.
598 4257 669 4268 --
675 4213 1054 4309 Ἔφησθα
1104 4224 1357 4305 saepius
1403 4223 1638 4304 legitur
1660 4239 1850 4304 quam
1875 4220 2066 4310 ἔφης,
2113 4223 2227 4288 sed
2249 4223 2367 4288 hoc
2389 4240 2542 4304 quo-

291 4340 417 4406 que
461 4328 749 4390 auctores
804 4342 1031 4407 graves
1085 4323 1298 4406 habet,
1354 4325 1518 4392 Plat.
1564 4324 1695 4391 Ion.
1741 4323 1868 4390 539
1911 4324 1986 4406 Ε,
2053 4323 2293 4390 Phileb.
2340 4324 2424 4390 26
2471 4323 2539 4406 Ο,
