2946 4928
513 329 520 332 ’
647 326 770 393 DE.
804 326 1597 394 PROSGHEMATISMO.
1685 325 1755 394 P.
1778 328 1827 394 Ι.
1872 326 1941 394 G.
1964 327 2045 394 11.
2091 327 2225 414 §.·9.
2414 327 2530 395 191

292 495 627 558 auctorum
670 491 967 578 ipsorum.
1055 491 1277 573 Neque
1320 491 1391 557 id
1431 489 1703 561 efficitur
1722 491 2023 558 Planudis
2068 491 2429 560 testimonio
2470 493 2537 558 in

292 594 532 661 Anecd.
575 594 833 661 Bachm.
877 614 937 677 p.
982 595 1064 662 57
1113 596 1181 663 Τ.
1227 595 1323 676 ΙΙ,
1390 595 1636 661 Atticos
1692 597 1761 660 in
1825 614 2112 662 sermone
2158 596 2362 661 soluto
2426 595 2537 660 illa

290 698 801 765 constantissime
845 717 994 764 usos
1038 701 1147 766 καὶ
1192 695 1570 788 φωνήεντος
1613 697 1726 765 καὶ
1792 695 2154 786 συμφώνου
2220 695 2535 786 ἐπιφερο-

291 802 497 883 μένου
533 838 603 849 -
657 802 770 867 καὶ
811 806 1137 888 μαρτυρεῖ
1180 808 1368 869 πᾶσα
1410 801 1679 885 βίβλος,
1724 803 1893 884 quod
1936 791 2267 867 Bekkerus
2311 799 2533 866 confir-

294 904 453 987 mati,
494 905 610 987 'qui
651 903 956 970 Planudis
1000 904 1208 970 locum
1252 924 1329 971 ex
1370 905 1628 972 ineditis
1673 903 1943 970 afferens
1986 905 2054 968 in
2097 902 2332 975 Anecd.
2370 902 2529 970 1401

298 1007 382 1072 ad
421 1006 711 1072 ultimum
756 1006 959 1073 addit:
1029 1006 1198 1092 quod
1241 1006 1315 1072 de
1358 1009 1728 1074 auctoritate
1774 1005 2053 1070 codicum
2097 1005 2278 1086 dicit,
2344 1007 2533 1070 veris·
2565 1065 2572 1076 ,

296 1108 450 1171 aime
494 1107 667 1172 dicit.
756 1108 968 1175 Nihilo
1013 1111 1220 1176 secius
1264 1113 1369 1178 ille
1413 1113 1481 1178 in
1525 1113 1719 1179 variis
1739 1109 2131 1188 lectionibus,
2177 1126 2336 1189 quas
2381 1109 2533 1174 scri-

291 1212 578 1294 ptoribus
624 1232 662 1277 a
706 1230 775 1277 se
821 1213 1008 1278 editis
1053 1214 1336 1296 subiecit,
1380 1217 1567 1282 huius
1610 1217 1835 1282 literae
1879 1214 2119 1278 nullam
2150 1213 2531 1279 mentionem

290 1313 443 1380 fecit
486 1334 561 1380 ac
601 1334 682 1381 ne
726 1315 1012 1384 codicum
1055 1319 1310 1399 quidem
1357 1319 1814 1401 discrepantias
1856 1317 2100 1382 notavit
2164 1320 2238 1381 ut
2298 1316 2364 1381 in
2408 1316 2530 1424 Ly-

290 1437 461 1500 curg.
494 1436 545 1485 c.
589 1419 807 1485 Leocr.
852 1439 912 1502 p.
963 1417 1101 1485 189.
1163 1419 1239 1486 19
1307 1420 1480 1505 (216.
1528 1420 1610 1487 76
1653 1422 1882 1504 Bekk.)
1953 1417 2150 1506 ὅρκον
2215 1414 2532 1503 ὀμνύουσι

291 1520 554 1603 πάντες,
599 1521 871 1590 ἐπειδὰν
916 1520 1015 1602 εἷς
1056 1524 1132 1589 τὸ
1183 1561 1256 1571 -—-
1308 1522 1692 1613 ἐγγραφῶσι
1735 1525 1848 1592 καὶ
1891 1523 2131 1610 ἔφηβοι
2199 1523 2531 1609 γένωνται,

290 1614 367 1688 ὃν
413 1620 472 1690 εἶ
514 1625 634 1708 μὲν
680 1622 987 1709 ὀμώμοκε
1032 1626 1465 1716 Λεωκράτης,
1516 1633 1839 1717 φανερῶςἱ
1867 1623 2262 1713 ἐπιώρκηκε,
2311 1625 2419 1691 καὶ
2456 1663 2524 1675 -

288 1727 356 1791 in
399 1727 717 1794 codicibus
763 1729 1203 1811 compluribus
1249 1735 1321 1795 ut
1363 1731 1770 1797 Maetznerus
1816 1729 2010 1796 tradit
2056 1748 2118 1811 p.
2163 1726 2308 1808 209,
2377 1729 2531 1794 scri-

286 1836 469 1911 ptum
512 1838 613 1896 est
657 1831 1093 1920 ἐγγραφῶσιν,
1137 1834 1205 1898 in
1249 1828 1374 1898 uno
1420 1832 1846 1922 ἐπιώρκηκεν,
1896 1837 1962 1897 et
2002 1832 2069 1896 in
2110 1829 2437 1897 Demosth.
2482 1849 2532 1896 c·

288 1934 588 2000 Aristocr.
634 1933 779 2000 624.
825 1937 864 2000 3
907 1936 982 2001 R.
1029 1936 1201 2020 (300.
1254 1936 1360 2021 10)
1406 1936 1718 2025 ἐξέφερεν
1764 1936 1876 2003 τὸν
1908 1931 2200 2017 πόλεμον
2222 1934 2533 2000 Weberus

288 2056 347 2118 p.
398 2035 520 2102 146
565 2056 642 2102 ex
684 2057 809 2104 uno
832 2039 1030 2106 Paris,
1078 2040 1301 2106 ascivit
1342 2059 1457 2122 pro
1505 2040 1798 2128 ἐξέφερε,
1846 2057 2111 2122 quorum
2154 2042 2450 2103 neutrum
2495 2056 2534 2102 a

289 2139 582 2207 Bekkero
627 2141 891 2207 allatum
934 2147 1059 2222 est3
1127 2162 1245 2209 nec
1309 2144 1611 2226 probaret
1653 2143 2033 2210 Benselerus
2047 2192 2062 2223 ,
2132 2142 2308 2207 cuius
2375 2141 2532 2207 haec

290 2248 439 2310 sunt
480 2245 678 2311 verba
720 2245 804 2310 ad
845 2245 1038 2311 Isocr.
1082 2265 1142 2328 p.
1194 2246 1314 2311 185
1363 2265 1483 2328 sq.:
1528 2245 1866 2328 Isocrates,
1911 2245 2025 2310 ubi
2060 2266 2284 2330 pausa
2348 2266 2528 2328 quae·

291 2344 436 2409 dam
461 2345 551 2431 fit
592 2347 661 2411 in
704 2348 1004 2430 oratione,
1049 2353 1090 2422 ἲ
1138 2346 1609 2436 ἐφελκυστικόν
1653 2348 1982 2413 addidisse
2025 2347 2275 2411 videtur
2300 2386 2373 2397 —-
2403 2371 2529 2410 ma-

285 2450 389 2536 9²⁶⁸
436 2448 694 2516 dubium
737 2463 847 2534 est,
915 2452 1072 2538 quid
1115 2451 1190 2517 de
1233 2453 1318 2516 iis
1362 2452 1519 2516 locis
1562 2451 1959 2517 statuendum
2002 2451 2105 2533 eit,
2174 2451 2242 2514 in
2306 2451 2531 2537 quibus

286 2552 511 2617 mediis
553 2554 622 2618 in
664 2558 984 2621 sententiis
1035 2562 1087 2630 ἶ
1133 2556 1440 2621 adiectum
1487 2557 1719 2643 leqitur
1763 2590 1846 2605 -—
1859 2603 1878 2636 ,
1934 2555 2002 2618 in
2047 2554 2269 2639 quibus
2335 2555 2402 2618 ei
2437 2578 2532 2618 me

286 2657 587 2741 sequeris,
632 2661 681 2728 ἶ
725 2683 848 2723 non
892 2662 1177 2746 recipie-9,
1244 2673 1302 2723 et
1343 2660 1457 2723 ubi
1495 2683 1536 2722 a
1579 2658 1868 2723 Bekkero
1916 2669 2226 2742 receptum
2272 2670 2382 2739 est,
2429 2656 2529 2721 de-

287 2759 460 2841 lebis,
503 2782 693 2845 quum
732 2763 923 2827 multo
953 2764 1182 2848 plures
1225 2764 1627 2849 reperiantur
1671 2763 1798 2826 loci
1808 2811 1825 2844 ‚
1868 2763 1937 2825 εἴη
1983 2760 2205 2846 quibus
2247 2784 2324 2825 ne
2369 2784 2529 2825 unus

287 2860 539 2948 quidem
580 2863 740 2928 liber
782 2864 854 2929 id
876 2864 1168 2947 admittit,
1193 2865 1553 2951 codicesque
1601 2866 1665 2930 in
1686 2866 1805 2929 hac
1825 2888 1894 2928 re
1918 2876 2241 2950 tantopere
2263 2864 2527 2928 varient.

285 2965 380 3031 Ac
422 2967 580 3033 mihi
621 2986 867 3050 quoque
890 2969 1325 3051 psephismata
1367 2970 1480 3034 illa
1515 2970 1939 3036 consideranti
1983 2969 2118 3035 veri
2140 2968 2527 3034 simillimum

285 3069 553 3150 videtur,
598 3071 821 3136 literae
864 3072 1051 3137 huius
1095 3090 1281 3139 usum
1303 3073 1430 3137 iam
1473 3077 1578 3138 sat
1620 3074 1894 3156 antiquis
1918 3073 2143 3139 seculis
2187 3077 2255 3138 et
2281 3072 2347 3137 in
2389 3072 2531 3153 ipsa

285 3172 499 3239 Attica
518 3174 907 3240 increbuisse
932 3176 1289 3258 sensimque
1313 3194 1351 3240 a
1383 3175 1724 3241 librariolis
1747 3176 1918 3257 vulgi
1947 3170 2402 3258 πλατειασμὸν
2429 3192 2527 3239 se-

290 3276 624 3356 quentibus
669 3278 735 3342 in
776 3278 970 3344 libros
995 3279 1371 3361 scriptorum
1395 3297 1538 3344 esse
1580 3277 1988 3344 transfusum.
2077 3277 2178 3342 Ad
2225 3282 2528 3359 quantam

288 3377 728 3446 celebritatem
739 3385 961 3462 postea
980 3383 1355 3462 pervenerit,
1401 3387 1466 3447 et
1496 3382 1697 3447 nostri
1721 3380 1965 3446 codices
1996 3378 2398 3445 manifestum
2432 3376 2527 3444 fa-

285 3482 461 3547 ciunt
504 3488 571 3547 et
612 3484 675 3564 ii,
721 3483 948 3566 quibus
970 3483 1286 3549 Planudes
1331 3502 1485 3549 usus
1531 3489 1646 3550 est.
1734 3484 1830 3549 Ne
1873 3489 2088 3549 tamen
2121 3500 2336 3548 omnes
2360 3482 2527 3547 eius-

285 3584 430 3651 dem
475 3587 706 3652 aetatis
748 3588 1454 3683 literatosconsensisse
1485 3593 1798 3670 putemus
1844 3587 2137 3670 prohibet
2178 3587 2314 3666 hoc,
2360 3584 2528 3668 quod

283 3689 507 3755 eodem
548 3688 685 3755 loco
729 3690 932 3755 addit:
980 3694 1199 3756 contra
1244 3691 1568 3772 disputare
1610 3692 1939 3756 nonnullos
1988 3706 2261 3772 nuperos
2306 3694 2373 3754 et
2415 3706 2526 3753 no-

284 3792 467 3856 vitios
511 3791 998 3874 orthographiae
1041 3792 1349 3872 doctoreS‚
1394 3792 1503 3874 qui
1546 3800 1739 3874 quum
1760 3792 2084 3873 vidissent,
2129 3797 2352 3873 poetas
2379 3809 2525 3859 con-
2652 3789 2667 3800 “

283 3913 504 3960 sonam
548 3913 738 3978 saepe
781 3912 907 3962 non
952 3894 1203 3977 addere,
1251 3914 1324 3960 eo
1358 3895 1657 3960 inductos
1702 3914 1870 3976 esse,
1938 3901 2011 3961 ut
2052 3895 2119 3961 in
2163 3900 2368 3961 totum
2413 3895 2524 3961 ab·

278 3997 571 4064 iicerent:
620 3995 684 4065 oi
727 3998 867 4065 νέοι
912 3995 1152 4085 ταύτης
1194 4001 1310 4084 τῆς
1353 4003 1811 4087 γραμματικῆς
1853 3993 2207 4065 ἐπιστάται
2253 3994 2317 4065 οἶ
2361 3998 2528 4083 χθὲς

272 4241 435 4310 9091·οί
468 4249 589 4294 ante
623 4257 893 4294 consonam
916 4240 1087 4309 positi,
1119 4239 1179 4293 in
1210 4257 1322 4293 uma
1355 4241 1582 4294 orat-iane
1603 4240 1825 4308 fimebri
1855 4240 2095 4323 eeripmm
2130 4249 2205 4294 eet
2240 4236 2525 4308 γεγόνασι,

280 4326 528 4399 ἀδελφαί
560 4337 606 4381 et
642 4324 914 4397 διήνεγκε,
954 4323 1107 4382 ὥστε.
1140 4346 1188 4379 v.
1239 4327 1386 4381 Wilh.
1431 4328 1545 4382 Tell
1568 4345 1749 4395 progr.
1770 4327 2064 4380 Now-dham.
2103 4322 2237 4380 1861
2265 4342 2326 4392 p.
2361 4323 2523 4394 Vsq]
