2946 4928
484 364 600 431 DE
649 362 1135 450 SYNAERESI,
1181 367 1583 436 DIAERESI
1628 376 1743 438 etc.
1811 371 1879 440 P.
1902 372 1953 439 Ι.
2000 372 2066 440 G.
2091 372 2173 439 11.
2220 375 2272 460 ἓ.
2307 376 2365 440 2.
2477 375 2559 441 37

306 532 506 615 igitur
547 550 665 615 pro
707 529 885 598 brevi
926 531 1315 613 habuerunt,
1386 534 1550 600 sicut
1591 541 1691 602 est
1738 537 1908 619 apud
1950 537 2298 606 Homerum
2341 541 2409 605 in
2452 557 2554 607 ca-

309 638 486 704 sibus
530 635 880 719 trisyllabis
908 637 1235 726 Θρήὶκες,
1282 637 1615 720 ipsumque
1658 640 2112 728 nominativum
2154 662 2285 708 non
2339 641 2558 732 Θοήϊξ

308 747 382 808 ut
425 740 684 823 quidam
724 740 1149 821 posteriorum
1191 741 1597 839 scripserunt,
1645 742 1759 806 sed
1786 724 2024 828 Θρηϊξ,
2069 746 2236 810 unde
2279 747 2560 812 nascitur

310 843 810 927 monosyllabum
860 882 931 891 —
988 843 1332 911 πέπονθεν
1379 835 1496 909 οὖν
1540 841 1615 907 τὸ
1670 830 1859 932 Θρᾷξ
1886 847 2141 935 (Θρᾷξ)
2188 849 2559 935 συναίρεσιν

311 948 517 1033 Epim.
540 947 573 1012 I
604 947 749 1013 204.
781 986 852 996 -—
884 947 1208 1013 Minervae
1254 947 1577 1030 epitheton
1601 948 1927 1025 Πυλαῒτις
1948 948 2253 1030 Lycophr.
2279 950 2402 1017 356
2429 953 2560 1018 sive

312 1052 394 1121 ab
440 1052 818 1136 appellativo
865 1047 1042 1138 πύλη
1088 1051 1364 1138 ductum,
1413 1050 1546 1116 sive
1592 1069 1631 1115 a
1673 1050 1928 1132 proprio
1953 1049 2201 1134 Πύλαι,
2245 1054 2557 1119 incertum

298 1155 617 1240 ,habemus
662 1158 876 1221 utrum
921 1174 998 1221 ex
1035 1157 1372 1232 Πυλαῖτις
1415 1158 1805 1221 contractum
1851 1155 1935 1220 sit
1980 1156 2210 1240 (neque
2254 1176 2379 1222 non
2422 1156 2560 1222 fieri

309 1264 540 1343 potest,
586 1265 661 1325 ut
680 1264 870 1341 poeta
890 1259 1025 1341 ipse
1050 1260 1139 1324 sic
1161 1259 1487 1342 scripserit
1508 1257 1776 1339 syllabis·
1791 1257 2178 1350 disparatis),
2203 1278 2285 1324 an
2306 1260 2558 1325 Aeolice

316 1362 624 1429 diffictum
667 1366 740 1427 ut
781 1360 1113 1445 μαχαίιας
1150 1381 1266 1444 pro
1310 1357 1625 1448 μαχητής,
1675 1357 1748 1424 cf.
1799 1359 2059 1426 Ahrens
2106 1363 2280 1428 Aeol.
2328 1361 2428 1428 96.

481 1467 538 1552 ἓ.
607 1467 665 1531 2.
775 1465 1318 1549 Diphthongorum
1383 1464 1870 1545 impropriamm
1935 1466 2212 1530 secunda
2275 1467 2558 1533 nascitur

313 1585 386 1633 ex
451 1567 778 1648 synaeresi
808 1620 812 1625 .
842 1566 1152 1633 vocalium
1201 1572 1245 1652 ’ἦ
1307 1574 1374 1634 et
1402 1571 1482 1652 Τ,
1527 1567 1606 1632 de
1643 1565 1872 1649 quibus
1920 1568 2155 1649 duplex
2206 1571 2559 1650 proseritur

308 1669 616 1751 quaestio,
661 1688 789 1735 una
833 1670 913 1737 de
956 1671 1309 1754 quantitate
1353 1670 1586 1736 vocalis
1625 1670 2015 1752 suppositae,
2063 1671 2267 1737 altera
2309 1671 2388 1736 de
2434 1679 2556 1753 eta,

307 1768 673 1839 nativumne
733 1774 819 1839 sit
861 1794 943 1840 an
988 1770 1083 1840 ex‘
1106 1774 1307 1858 epsilo
1353 1791 1740 1839 conversum.
1822 1773 2199 1856 Utriusque
2245 1770 2556 1859 discepta-

306 1876 498 1942 tionis
565 1876 954 1943 occasionem
1009 1878 1274 1961 praebet
1328 1896 1558 1944 nomen
1602 1876 2022 1957 Homericum,
2090 1896 2214 1959 quo
2260 1879 2561 1945 alimenta

312 1981 447 2046 sive
494 1979 731 2045 cibaria
775 1982 1206 2065 significantur
1250 1990 1393 2046 non·
1421 1980 1634 2045 solum.
1664 1979 2017 2047 hominum:
2053 1979 2209 2067 νηὸς
2234 1979 2557 2071 ἐξέφθιτο

311 2075 427 2170 ἤϊα
473 2078 715 2165 πάντα,
784 2085 899 2150 sed
965 2086 1158 2150 etiam
1223 2084 1529 2149 ferarum:
1588 2077 1802 2149 λύκων
1855 2075 1972 2168 ἤϊα
2010 2084 2394 2166 πέλοντὰι,
2457 2087 2560 2152 hic

306 2187 494 2269 longo
543 2191 586 2270 ῖζ
629 2187 758 2253 illic
800 2188 1006 2269 brevi3
1050 2188 1196 2253 hinc
1239 2190 1453 2252 autem
1496 2186 1876 2253 translatum
1918 2192 2184 2269 putatur
2228 2190 2310 2254 ad
2341 2189 2555 2272 fruges

306 2289 684 2374 frugumque
728 2293 1018 2372 calamos,
1065 2292 1290 2374 spicas,
1336 2291 1571 2373 paleas,
1637 2289 1866 2371 quibus
1909 2308 2158 2372 pecora·
2175 2298 2555 2373 pascuntur:

306 2389 473 2480 ἠΐων
538 2394 826 2486 θημῶνα
895 2393 1126 2485 τινάξῃ
1193 2393 1309 2459 Od.
1375 2393 1434 2459 V
1500 2390 1656 2473 368,
1736 2393 1903 2475 quod
1971 2394 2120 2476 quia
2183 2401 2387 2461 metro
2450 2415 2552 2460 re-

306 2505 576 2583 pugnat,
656 2504 806 2564 sunt
882 2499 989 2581 qui
1053 2503 1303 2565 mutent
1367 2496 1431 2562 in
1497 2495 1876 2578 bisyllabum
1939 2489 2110 2585 ᾔων,
2191 2517 2314 2581 quo
2376 2499 2552 2566 'Phe-

307 2607 590 2669 recrates
654 2622 798 2685 pro
836 2603 1112 2685 spondeo
1155 2619 1311 2666 usus
1356 2604 1472 2668 est.
1590 2599 1829 2665 Verum
1893 2605 2183 2668 veterum
2224 2602 2554 2672 nonnullos

306 2707 427 2772 hoc
488 2706 625 2772 loco
691 2703 845 2773 ἐΐων
909 2705 1236 2787 scripsisse
1303 2703 1614 2785 colligitur
1677 2720 1755 2799 ex
1812 2703 2034 2784 glossa
2080 2703 2381 2787 Hesychii
2410 2701 2554 2773 'Eia

309 2808 577 2896 λέγεται
622 2808 734 2876 καὶ
778 2805 1190 2936 δισυλλάβως
1234 2798 1360 2873 ela*
1405 2805 1845 2880 ἐπισκεπτέον
1892 2808 1999 2875 δὲ
2013 2803 2073 2876 εἶ
2117 2802 2357 2873 ταύτόν
2382 2831 2556 2873 εστιν

307 2904 422 3000 η”ια
469 2912 581 2978 καὶ
627 2910 766 2978 ,Ji-a
811 2908 970 2978 όταν
1015 2910 1136 2996 γὰρ
1179 2913 1258 2975 τὸ
1302 2912 1373 2994 “ἦ’
1415 2912 1655 2996 βρῶμα
1701 2907 2030 2997 σημαιᾝνει
2079 2906 2254 2976 ὅταν
2286 2910 2359 2976 δὲ
2396 2908 2471 2976 τὸ
2515 2946 2559 2993 ε,
2625 2939 2626 2942 ’

303 3011 559 3103 χόρτον,
603 3014 671 3081 id
713 3018 814 3080 est
853 3014 1103 3097 pabula.
1190 3012 1355 3080 Hinc
1419 3013 1840 3080 coniecturam
1902 3006 2287 3080 duxerunt'
2262 3008 2375 3099 η’ϊα
2423 3015 2555 3079 siva

307 3123 700 3186 contractum
741 3109 831 3206 ᾖα
876 3116 1127 3199 proprie
1192 3115 1421 3181 viatica
1462 3113 1816 3196 significare
1861 3134 1900 3180 a
1943 3116 2138 3182 vei-,bo
2194 3112 2311 3183 εἷἰυ
2326 3164 2344 3193 ,
2417 3109 2556 3199 εἶμι

307 3223 681 3302 derivatum,
739 3221 930 3286 latius
976 3224 1189 3285 autem
1234 3218 1461 3284 edulia.
1572 3217 1946 3301 synaeresin
1990 3220 2282 3301 quamvis
2324 3219 2554 3301 proba-

306 3325 500 3392 bilem
547 3324 968 3391 exterminant
1008 3323 1350 3389 Passovius
1395 3327 1462 3387 et
1493 3321 1852 3403 Geppertus
1894 3322 1961 3386 in
2003 3322 2166 3387 libro
2221 3320 2553 3407 Uraprunq

309 3427 424 3492 der
488 3426 910 3491 homeri-§chen
967 3425 1258 3513 Geacinqe
1319 3425 1388 3489 T.
1440 3423 1509 3488 ΙΙ
1562 3422 1727 3505 pah,
1794 3424 1918 3489 ille,
1965 3429 2221 3507 poetam
2286 3424 2555 3506 synizesi
2583 3482 2598 3489 -

307 3548 495 3597 usum
541 3548 682 3596 esse
727 3535 1032 3611 statuens,
1078 3547 1240 3613 quae
1284 3529 1616 3610 utriusque
1660 3528 1893 3593 vocalis
1939 3545 2196 3594 sensum
2239 3527 2555 3608 quendam

308 3632 703 3702 auditoribus
745 3634 1148 3716 relinqueret,
1194 3651 1390 3715 quare
1436 3633 1629 3698 etiam
1659 3624 1824 3719 ἤιων
1848 3630 2067 3698 scribit
2102 3634 2288 3696 acuta
2310 3630 2554 3711 syllaba

307 3739 530 3821 prima,
576 3737 740 3802 alter
781 3737 1111 3803 violentior
1153 3737 1289 3802 iota
1324 3736 1586 3804 elisione
1625 3734 1809 3802 tollit.
1926 3734 2209 3800 Tertium
2254 3727 2553 3814 quiddam

309 3839 604 3925 proponit
645 3838 1023 3905 Nitzschius.
1054 3839 1136 3904 ad
1178 3836 1402 3920 odyss,
1448 3838 1508 3903 V
1552 3835 1697 3917 368,
1742 3838 2041 3902 iotanon
2085 3835 2364 3901 vocalem
2410 3855 2553 3918 esse

307 3944 424 4012 sed
467 3960 805 4009 consonam
846 3941 1113 4007 remotis·
1138 3942 1481 4024 punctuli&
1519 3940 1811 4021 idemque
1843 3940 2162 4004 existimat
2197 3939 2552 4006 ,deduobus

308 4046 605 4114 adiectivi
661 4040 848 4131 δήιος
914 4042 1167 4110 casibus
1192 4091 1197 4100 -
1227 4044 1369 4127 pari
1430 4043 1983 4123 interpretantium
2048 4046 2232 4107 aestu
2282 4043 2551 4108 iactatis.

309 4151 406 4216 De
452 4148 729 4232 genitivo
754 4142 1064 4234 θώρηκας
1086 4142 1308 4236 ῥήξειν
1331 4142 1536 4232 δηΐων
1566 4145 1639 4209 11.
1662 4143 1728 4209 II
1752 4141 1876 4210 544
1898 4144 2273 4210 Eustathius
2298 4142 2441 4209 282.
2467 4142 2551 4207 30

312 4253 578 4325 adnotat
620 4246 680 4317 οἳ
726 4248 1007 4318 παλαιοὶ,
1056 4242 1312 4334 ἀξιοῦσι
1359 4245 1560 4331 δηΐων
1609 4244 2073 4334 ἀναγινώσκειν
2135 4244 2285 4327 δίχα
2334 4245 2550 4331 ἐκφω-

311 4353 564 4445 νῆσὲως
611 4356 731 4417 τοῦ
789 4348 835 4437 ζ
876 4369 999 4433 quo
1043 4350 1229 4415 modo
1275 4349 1567 4432 syntheta
1613 4345 1971 4439 ὁῃάλωτος,
2019 4345 2358 4435 Δῃάνειρα
2403 4364 2543 4410 ver·
