2946 4928
760 1184 1425 1273 PRAEFATIO
1490 1183 2062 1270 EDITORIS.

1206 1499 1617 1510 ——-—-———-—-.-

292 1757 685 1856 Lobeckiani
730 1789 938 1871 operis
981 1788 1257 1871 postumi
1302 1787 1532 1853 edendi
1596 1805 1749 1852 cura
1813 1804 1956 1851 cum
2020 1787 2175 1852 mihi
2236 1787 2539 1853 mandata

289 1914 486 1990 esset,
552 1910 620 1976 id
661 1909 1063 1992 potissimum
1106 1907 1420 1991 agendum
1464 1912 1633 1988 erat,
1697 1911 1772 1972 ut
1827 1907 2054 1973 summi
2096 1906 2218 1972 viri
2283 1910 2351 1971 et
2394 1924 2536 1972 sen-

290 2030 533 2095 tentiae
577 2033 644 2095 et
686 2028 883 2095 verba
927 2048 1119 2111 quam
1162 2027 1575 2110 integerrima
1615 2031 2266 2111 repraesentarentur.
2357 2002 2538 2105 Quod

290 2149 585 2231 quoniam
626 2149 720 2214 ita
764 2152 837 2213 ut
878 2148 1104 2214 vellem
1148 2146 1287 2212 fieri
1352 2166 1478 2212 non
1521 2147 1731 2229 potuit
1750 2196 1765 2226 ,
1831 2148 2050 2229 paucis
2097 2146 2537 2229 explicandum

285 2268 565 2349 videtur,
610 2287 801 2350 quam
844 2268 1155 2333 rationem
1198 2266 1541 2333 ineundam
1584 2266 2025 2347 existimarim,
2098 2286 2225 2332 non
2267 2270 2342 2331 ut
2383 2265 2537 2347 quid

287 2406 401 2472 ego
444 2387 879 2478 praestiterim
939 2386 1144 2452 sciant
1212 2387 1569 2469 quicunque
1611 2385 1772 2452 haec
1813 2386 2055 2469 legent,
2123 2387 2238 2453 sed
2300 2405 2412 2468 ne,
2481 2386 2536 2450 si

288 2508 442 2591 quid
487 2527 527 2573 a
568 2526 670 2574 me
713 2526 942 2590 parum
983 2511 1157 2573 recte
1214 2506 1725 2574 administratum
1768 2507 2150 2580 invenerint,
2220 2506 2535 2572 Lobeckio

283 2628 496 2710 potius
540 2646 732 2710 quam
775 2627 928 2692 mihi
972 2627 1313 2708 assignent.

448 2747 671 2842 ,Atque
716 2764 832 2828 ego
891 2764 1033 2811 cum
1075 2746 1278 2827 primo
1325 2745 1633 2829 quidquid
1674 2749 2025 2810 mutassem
2042 2794 2057 2824 ,
2126 2744 2532 2826 addidissem,

283 2867 681 2946 recidissem,
728 2865 897 2949 quod
941 2865 1204 2930 alicuius
1251 2871 1423 2931 esset
1465 2866 1797 2946 momenti,
1844 2864 2178 2947 diligenter
2222 2864 2534 2958 rationem

284 2986 552 3052 reddere
596 2985 1043 3064 instituissem,
1112 3002 1258 3050 mox
1300 2984 1366 3049 in
1411 3002 1486 3050 eo
1530 3004 1632 3051 me
1677 2985 1935 3051 consilio
2009 2985 2145 3049 sine
2187 2984 2534 3066 legentium

285 3124 527 3172 summo
572 3104 847 3185 fastidi0,
893 3123 1037 3170 mea
1080 3104 1530 3170 molestissima
1575 3123 1649 3171 ac
1695 3123 1887 3186 saepe
1932 3104 2201 3170 ridicula
2231 3104 2530 3170 sollicitu-

284 3226 430 3292 dine
471 3242 846 3306 permanere
889 3242 1016 3289 non
1059 3242 1248 3306 posse
1281 3224 1580 3290 intellexi.
1672 3223 1872 3300 Quem
1896 3223 2062 3289 enim
2089 3243 2214 3288 non
2242 3224 2534 3292 taederet

282 3344 510 3425 doceri,
556 3344 801 3410 Atticos
847 3363 887 3409 a
931 3362 1032 3409 me
1076 3344 1143 3408 in
1187 3344 1395 3410 locum
1437 3344 1691 3422 Ionum,
1740 3343 2243 3408 Choeroboscum
2286 3345 2353 3409 in
2400 3344 2529 3410 He-

280 3464 525 3530 rodiani
568 3463 999 3544 substitutum,
1044 3464 1443 3546 negationem
1472 3462 1803 3545 fugitivam
1825 3466 2186 3542 retractam,
2244 3462 2532 3546 ubique

280 3584 344 3649 in
388 3603 539 3649 nun
552 3601 776 3666 quam
817 3587 1134 3649 mutatum
1178 3600 1320 3678 esse
1365 3586 1432 3648 et
1475 3583 1698 3665 simm.,
1741 3601 1822 3648 ne
1857 3582 2173 3649 litterulas
2219 3587 2286 3649 et
2306 3601 2529 3649 accen-

281 3704 594 3769 tiunculas
621 3708 687 3769 et
706 3721 1001 3769 numeros
1027 3721 1528 3785 commemorem,
1573 3721 1696 3786 quo
1739 3704 1806 3768 in
1839 3721 2071 3785 genere
2118 3704 2189 3787 si,
2238 3704 2391 3786 quid
2414 3722 2530 3787 ego

282 3839 636 3904 novassem,
679 3822 872 3889 verbo
896 3822 1154 3905 dignum
1179 3823 1578 3904 indicassem,
1624 3827 1692 3889 et
1733 3822 1914 3889 nobis
1957 3823 2079 3906 ipsi
2101 3842 2409 3907 perquam
2432 3824 2528 3889 in-

280 3943 409 4025 epti
451 3942 811 4008 videremur
854 3946 921 4008 et
961 3941 1124 4007 liber
1165 3943 1338 4009 nullo
1382 3942 1592 4007 fructu
1634 3943 1833 4009 multo
1879 3943 2145 4026 amplior
2201 3946 2526 4012 evasisset.

280 4061 488 4139 Quare
533 4063 828 4144 quoniam
856 4062 1148 4145 graviora
1166 4081 1477 4144 promere,
1523 4062 1761 4128 leviora
1780 4065 2289 4146 praetermittere
2320 4069 2386 4131 et
2408 4064 2527 4130 dif-

278 4178 622 4247 ficillimum
666 4200 783 4247 nec
828 4181 1120 4264 cuiquam
1164 4181 1322 4248 utile
1368 4186 1541 4263 erat,
1608 4183 1700 4249 sic
1741 4181 2099 4249 faciendum
2153 4182 2526 4261 existimavi,

278 4305 350 4365 ut
390 4301 471 4367 iis
515 4304 766 4367 tantum
807 4302 979 4384 locis,
1024 4299 1253 4384 quibus
1280 4301 1432 4384 quid
1452 4301 1807 4369 Lobeckius
1840 4303 2147 4368 voluisset
2187 4302 2253 4366 in
2277 4297 2525 4365 dubita-
