2946 4928
447 331 532 402 60
1225 331 1786 400 DISSERTATIO
1850 332 1959 400 VI.

447 499 869 582 inaequalitas
913 498 1094 564 nobis
1139 499 1464 564 molestior
1507 518 1632 565 non
1668 499 1876 564 aliena
1918 496 2019 564 eet
2058 501 2306 580 poetae,
2351 516 2539 580 quem
2579 517 2680 565 ve-

448 606 622 667 teres
668 602 938 668 dialecto
981 603 1180 668 mixta
1222 617 1418 667 usum·
1452 619 1595 666 esse
1637 601 1992 683 perhibent.
2123 600 2336 666 Unum
2381 601 2547 667 crasi
2585 620 2682 668 re-

449 705 614 770 stitit
635 703 794 780 Διΐ,
844 706 959 770 sed
1000 707 1068 771 id
1111 724 1358 788 quoque
1402 705 1715 770 Pindarus
1760 703 2258 788 monosyllabum
2302 703 2480 784 fecit,
2528 705 2685 770 sicut

447 811 548 873 est
590 808 656 872 in
698 813 913 877 vetere
959 809 1300 891 epigraphe
1344 808 1593 887 Dorica,
1640 813 1860 873 contra
1900 809 2185 890 regulam
2230 807 2513 888 quidem,
2558 825 2683 890 qua

447 911 867 976 excluduntur
933 913 1131 978 dativi
1156 942 1171 955 =
1195 912 1424 977 tertiae
1498 911 1933 977 declinationis
1999 909 2414 993 monosyllabi
2439 910 2510 993 ²),
2577 910 2685 976 sed

451 1014 622 1080 idem
666 1015 898 1079 accidit
942 1013 1233 1095 syntheto
1252 1011 1577 1102 Διίφιλος
1621 1009 1712 1092 ὡς
1734 1012 2121 1102 Ἀρηῖφιλος
2165 1013 2276 1078 καὶ
2322 1011 2491 1077 κατὰ
2539 1016 2686 1095 κρᾶ-

447 1141 552 1182 σιν
597 1120 726 1181 τῶν
771 1112 892 1182 δύο
940 1117 989 1184 I}
1035 1112 1128 1191 εἷς
1152 1112 1220 1180 ἓν
1263 1118 1521 1203 μακρὸν
1543 1114 1840 1203 Δίφιλος
1886 1115 2191 1182 Choerob.
2216 1114 2396 1181 Orth.
2425 1113 2565 1179 192.
2593 1113 2684 1180 16.

459 1219 562 1285 Sic
608 1223 709 1284 est
736 1220 803 1283 in
826 1218 1052 1285 Latino
1077 1217 1401 1304 Diphilus.
1494 1219 1676 1296 Quod
1707 1224 1858 1287 vero
1880 1220 2061 1286 Plato
2098 1219 2251 1285 dicit
2272 1218 2444 1284 Crat.
2470 1215 2592 1283 399
2615 1217 2686 1298 A,

447 1323 720 1388 alterum
750 1324 803 1391 ’ἱ
829 1327 1144 1387 exemtum
1189 1340 1349 1402 esse,
1394 1322 1724 1404 redarguit
1765 1324 2094 1406 productio
2128 1322 2410 1406 syllabae
2430 1322 2683 1404 primae,

447 1426 793 1507 eademque
856 1426 1099 1489 ratione
1157 1424 1491 1506 probatur,
1562 1422 1855 1512 διιπετής
1923 1442 2049 1491 non
2092 1444 2235 1492 cum
2267 1426 2526 1508 integro
2569 1421 2690 1489 Διΐ

447 1517 861 1611 compositum
903 1545 1073 1606 esse,
1141 1527 1257 1591 sed
1319 1546 1463 1594 cum
1531 1533 1824 1611 corrupto
1869 1529 1960 1594 sic
2006 1533 2081 1594 ut
2125 1526 2445 1613 διοπετὴς
2488 1525 2683 1593 vocali

447 1633 788 1698 connexiva
819 1633 882 1702 ‘0‘
927 1630 994 1694 in
1034 1634 1068 1696 ἶ
1112 1630 1370 1709 longum
1414 1636 1688 1711 mutata,
1742 1632 1919 1697 cuius
1963 1631 2170 1696 locum
2213 1632 2536 1697 interdum
2578 1629 2683 1695 ob-

445 1737 609 1824 tinet
652 1735 1106 1817 diphthongus:
1155 1731 1515 1821 διοτρεφής
1562 1735 1983 1823 Διειτρέφης,
2030 1755 2087 1800 v.
2132 1734 2363 1801 Parall.
2411 1733 2520 1800 23.

620 1836 779 1903 Cum
823 1836 1159 1902 Homerico
1213 1836 1375 1903 Θέτι
1417 1836 1562 1901 ΕΜ.
1608 1835 1752 1904 448.
1798 1836 1900 1917 25,
1947 1837 2132 1903 Drac.
2171 1835 2272 1903 46.
2304 1837 2382 1902 17
2426 1840 2680 1919 propter

447 1941 655 2008 crasin
721 1944 852 2006 τῶν
913 1936 1027 2006 δύο
1078 1942 1148 2009 ἶ
1195 1935 1293 2017 εἷς
1358 1933 1447 2003 ἓν
1491 1936 1745 2024 μακρόν
1810 1939 2141 2005 conferunt
2182 1941 2681 2007 Anacreonteum

445 2042 584 2131 νήνι
604 2091 622 2122 ,
690 2045 793 2110 cui
858 2041 1233 2109 conveniens
1299 2043 1614 2123 genitivus
1667 2043 1919 2108 Ionicus
1983 2061 2109 2108 non
2162 2044 2507 2125 reperitur,
2574 2039 2682 2105 sed

445 2144 764 2234 νεήνιδος,
813 2146 1161 2227 eademque
1217 2146 1638 2226 repugnantia
1699 2146 2031 2228 utriusque
2099 2164 2286 2211 casus
2344 2146 2516 2228 apud
2557 2143 2680 2208 Ho-
2798 2222 2808 2241 χ

443 2268 690 2316 merum
730 2249 940 2333 ipsum
990 2247 1149 2314 Θέτι
1195 2251 1262 2312 et
1313 2250 1603 2326 Θέτιδος,
1652 2267 1777 2314 non
1830 2249 2087 2326 Θέτιος.
2208 2246 2336 2313 Sed
2379 2250 2498 2314 hoc
2539 2246 2678 2311 Pin—

416 2353 639 2438 xdarus
683 2352 1048 2434 suppeditat
1089 2369 1218 2416 una
1265 2368 1407 2415 cum
1433 2346 1692 2436 μήτιος,
1740 2352 1909 2434 quod
1929 2351 2192 2417 Photius
2238 2369 2286 2417 s.
2320 2351 2680 2438 Μέμφιδος

445 2455 703 2521 Ionibus
748 2454 988 2521 tribuit.
1016 2491 1088 2501 —
1118 2452 1456 2519 Nominum
1499 2454 1565 2519 in
1590 2457 1698 2532 ξῗῖς
1718 2454 2080 2521 exeuntium
2126 2456 2401 2539 speciem
2437 2454 2677 2521 solitam

446 2547 886 2643 repraesentat
929 2557 1297 2646 κυνηγέτιδι
1323 2557 1534 2637 Anth.,
1582 2557 1821 2623 deserit
1860 2576 2009 2624 vero
2032 2558 2274 2624 Dianae
2319 2572 2677 2641 cognomen,

448 2663 617 2745 quod
658 2663 751 2728 illi
797 2660 1061 2744 apposui
1106 2661 1189 2725 ad
1230 2660 1459 2741 Phryn.
1506 2656 1652 2742 429,
1698 2663 1779 2748 τῇ
1797 2659 2135 2747 Ἀρχηγέτι
2159 2661 2481 2745 Aristopb.
2548 2658 2677 2724 Has

448 2766 644 2831 dativi
686 2763 1163 2832 terminationes
1206 2765 1272 2829 in
1318 2763 1443 2836 alia
1487 2780 1681 2828 causa
1726 2762 1913 2827 attuli
1931 2762 2197 2828 Elemm.
2220 2765 2252 2829 I
2284 2764 2508 2830 292.-
2537 2759 2677 2827 Pari

448 2887 600 2934 cura
622 2872 875 2933 cautum
899 2870 1015 2946 est,
1046 2884 1128 2931 ne
1147 2866 1214 2930 in
1238 2866 1489 2931 casibus
1512 2865 1704 2931 rectis
1730 2865 1989 2930 eaedem
2016 2866 2240 2932 literae
2262 2867 2363 2934 bis
2394 2866 2677 2933 continuo

447 2972 843 3037 audirentur:
888 2966 1244 3051 βιβλίδιον,
1283 2965 1637 3050 ἱματίδιον,
1666 2963 1992 3055 ὂφείδιον,
2020 2965 2386 3046 πολείδιον,’
2416 2983 2474 3035 VI
2495 2965 2675 3033 Proll.

445 3072 571 3143 394
597 3073 850 3159 [Path.1
873 3071 1154 3156 281ex.].
1224 3072 1383 3136 Tum
1405 3072 1471 3136 in
1489 3071 1816 3137 adjectivis
1842 3065 1979 3135 ἀπὸ
2009 3074 2129 3136 τοῦ
2151 3070 2324 3151 Χιός
2345 3070 2548 3149 Χίιος
2568 3065 2673 3133 καὶ

445 3176 607 3240 κατὰ
636 3179 867 3262 κρᾶσιν
890 3179 1065 3253 Χῖος
1089 3170 1315 3261 ὥσπερ
1342 3171 1509 3252 dicos
1536 3176 1698 3254 δῖος,
1733 3172 1918 3239 Θέτιι
1942 3172 2095 3238 Θέτι
2116 3172 2401 3255 Epim.11
2425 3167 2672 3247 275.14,

446 3280 546 3345 cui
592 3278 951 3361 Stephanus
997 3295 1046 3342 S.
1093 3273 1266 3355 Χίος
1311 3277 1572 3359 apponit
1612 3272 1772 3363 μήτι
1820 3280 1887 3340 et
1925 3271 2151 3357 μάστι.
2269 3277 2541 3343 Lubrica
2580 3275 2676 3337 est

444 3381 795 3447 Hermanni
840 3380 1142 3446 correctio
1187 3379 1408 3461 Agam.
1440 3377 1569 3444 968
1618 3376 1833 3465 ὕγιῖᾱς
1875 3396 1990 3458 pro
2037 3372 2291 3456 ὑγιείας
2335 3398 2452 3445 nec
2493 3376 2674 3442 fidem

443 3484 597 3554 facit
653 3484 823 3566 quod
866 3485 1070 3550 addit:
1141 3481 1216 3547 de
1263 3478 1446 3569 ὗγιΐα
1495 3480 1780 3546 dubitare
1823 3502 1952 3543 non
2016 3479 2229 3543 schum
2272 3478 2446 3569 ἶερία
2492 3490 2547 3543 et
2588 3485 2679 3539 tot

445 3589 578 3651 alia
622 3599 951 3670 utramque
975 3584 1267 3669 formam
1311 3586 1621 3667 habentia,
1665 3604 1813 3650 nam
1855 3584 2081 3649 horum
2123 3584 2364 3650 nullum
2397 3586 2527 3650 iota
2556 3580 2673 3645 duo

446 3691 773 3772 constipat.
851 3688 1160 3767 Μελίϊιός
1183 3697 1219 3754 e
1242 3688 1395 3755 vitio
1417 3685 1638 3754 natum
1661 3706 1803 3753 esse
1826 3687 2074 3753 ostendi
2094 3688 2160 3751 in
2183 3687 2448 3752 Elemm.
2470 3684 2503 3749 I
2525 3676 2671 3755 2833

446 3814 485 3859 a
530 3787 841 3859 similibus
887 3792 1185 3858 arborum
1226 3791 1581 3857 nominibus
1609 3786 1790 3877 ἆριά,
1840 3791 1969 3876 φυλ
1979 3785 2071 3865 ία,
2115 3789 2326 3877 ’μυρία
2370 3788 2541 3855 nulla
2565 3784 2670 3848 du-

446 3901 673 3973 cuntur
715 3896 1178 3975 metusiastica3
1234 3914 1271 3960 a
1318 3890 1619 3961 λευκόϊον
1665 3891 1936 3957 debebat
1979 3890 2358 3971 λευκοΐινος,
2425 3888 2536 3956 sed
2576 3900 2669 3949 re-

446 4004 699 4082 ceptum
764 4001 865 4063 est
909 3994 1262 4075 λευκόϊνος.
1397 3996 1714 4082 Antiquae
1780 3996 2121 4060 memoriae
2188 3996 2519 4078 syntheton
2567 3986 2671 4083 *est

442 4159 646 4167 ..n—---

579 4239 635 4304 ⁶2)
674 4240 870 4293 Similis
906 4241 1196 4291 antinomia
1231 4238 1505 4292 intercedit
1537 4240 1673 4291 inter
1708 4233 1817 4298 m‘t,
1875 4239 2017 4304 quod
2052 4240 2399 4291 Buttmannus
2434 4237 2480 4299 §.
2516 4227 2581 4283 43
2612 4226 2662 4276 51¹

449 4329 818 4396 paradigmate
851 4326 1078 4392 exhibet,
1113 4333 1166 4380 et
1200 4330 1272 4379 κί.
1342 4324 1601 4394 Equidem
1635 4329 1875 4378 neutrum
1911 4326 2107 4379 inveni.
