2946 4928
401 330 522 401 122
1155 322 1715 399 DISSERT‘ATIO
1782 323 1906 397 VI.=

403 535 474 545 -
523 496 659 563 Nec
703 497 881 562 satis
904 501 1051 579 apte
1094 496 1346 562 nomine
1389 496 1499 562 illo
1541 496 1744 562 utitur
1785 494 2189 560 Herodianus
2231 491 2305 558 11.
2327 492 2486 559 VIII
2508 491 2634 558 557

396 600 472 666 τὸ
522 596 885 686 πρώονες
928 599 1218 689 διῃρέθη
1265 598 1336 666 ἐκ
1382 603 1496 665 τοῦ
1543 602 1818 686 πρῶνες,
1881 598 2116 664 rectius
2163 595 2636 663 Choeroboscus

394 704 675 770 omicron
719 704 802 769 ad
843 702 1279 785 pleonasmum
1321 700 1536 782 refert,
1580 722 1637 768 v.
1659 702 1924 768 Elemm.
1948 701 1981 767 I
2004 699 2150 781 471,
2196 700 2281 767 ad
2314 699 2638 780 diectasin‚

398 807 568 889 quod
609 807 778 872 idem
820 810 936 893 est,
983 805 1424 871 Buttmannus.
1460 842 1533 852 -—
1584 804 1682 870 De
1729 800 1910 888 ὁμώς
1954 800 2179 886 δμωός
2221 808 2290 870 et
2332 801 2639 869 similibus

398 909 553 991 quid
593 914 843 975 veteres
889 909 1390 975 coniectaverint.
1433 909 1475 974 l.
1499 927 1552 974 c.
1596 909 1868 975 relatum
1911 911 2027 972 est.
2047 944 2118 953 —-
2138 905 2216 970 In
2259 905 2377 972 Od.
2398 906 2491 972 VI
2513 905 2640 975 302

400 1002 546 1090 οἷος
590 1007 799 1095 δόμος
835 1008 1212 1078 Ἀλκινόοιο
1256 1009 1453 1100 ἥρως·
1502 1006 1642 1076 ἀλλ’
1697 1005 1887 1095 ὁπότ’
1935 1006 2017 1077 ἂν
2044 1047 2116 1057 -—
2165 1029 2329 1076 unus
2372 1010 2641 1077 Vindob.

278 1188 291 1197 x
400 1111 540 1202 ἥρω
582 1113 865 1196 praebet,
911 1134 967 1180 v.
1012 1114 1310 1195 Nitzsch.‚
1373 1115 1570 1180 ceteri
1595 1111 1810 1202 ἥρως,
1878 1114 2069 1196 idque
2113 1113 2328 1179 scholl.
2372 1132 2489 1196 pro
2511 1133 2644 1180 ·vo-

400 1217 604 1283 cativo
648 1209 702 1282 ὦ
745 1214 924 1304 ἥρως
964 1217 1227 1297 habent;
1272 1217 1457 1299 longe
1484 1236 1633 1284 vero
1663 1218 1871 1319 aptior
1913 1222 2015 1282 est
2057 1216 2369 1299 genitivus
2385 1213 2641 1305 ἥρωος,

400 1324 475 1385 ut
515 1338 682 1386 nunc
725 1320 1038 1401 scribitur,
1084 1322 1262 1386 cuius
1306 1321 1542 1386 vocalis
1608 1320 1818 1386 media
1861 1325 1975 1386 aut
2017 1338 2160 1386 cum
2203 1325 2488 1394 extrema
2528 1339 2646 1403 per

401 1423 733 1505 synizesin‚
778 1428 853 1488 ut
895 1423 1259 1490 Barnesius
1287 1424 1394 1504 ait,
1462 1424 1775 1505 coalescit,
1845 1428 1958 1489 aut
2010 1423 2346 1505 corripitur
2388 1426 2462 1488 ut
2506 1448 2643 1489 πα-

402 1530 616 1614 τρῷος
660 1526 830 1609 apud
871 1532 1095 1609 poetas
1138 1506 1385 1594 Atticos
1432 1527 1635 1612 [Tom.
1679 1526 1713 1592 I
1756 1526 1883 1594 319
1929 1527 2050 1612 sq.]

572 1628 858 1711 VocaleS,
904 1648 1068 1712 quae
1110 1631 1178 1695 in
1221 1627 1541 1711 θωύσσω,
1612 1627 1742 1713 ζωί
1730 1655 1906 1720 φιον
1950 1649 2020 1697 se
2084 1629 2474 1713 excipiunt,
2483 1648 2647 1697 nun

401 1750 593 1813 quam
637 1737 867 1800 coeunt
906 1733 1030 1800 nisi
1072 1733 1139 1799 in
1180 1732 1425 1800 Ionicis
1458 1737 1724 1818 θωῦμα,
1747 1737 2068 1825 ,τρωῦμω

1343 2007 1515 2091 Gap.
1567 2006 1685 2073 III.

594 2177 702 2250 De
755 2177 1257 2250 coniunctione
1309 2175 1669 2251 vocalium
1722 2190 1791 2247 et
1835 2174 2476 2278 diphthongon-am.

579 2354 633 2437 ξ.
685 2352 737 2417 1.
824 2357 897 2425 ‘A‘
943 2373 1086 2421 cum
1127 2356 1213 2425 ῖῖῐ
1257 2355 1325 2420 in
1381 2352 1693 2437 positione
1758 2358 1935 2420 recta
2000 2353 2235 2418 arctius
2287 2351 2649 2436 copmanun

406 2474 529 2524 non
572 2457 811 2538 reperi;
855 2476 1002 2523 nam
1037 2477 1153 2540 pro
1184 2462 1420 2542 μναῒος
1442 2460 1510 2525 in
1529 2457 1683 2529 locis
1707 2458 1790 2523 ad
1810 2457 2039 2541 Phryn.
2063 2454 2189 2522 553
2218 2460 2286 2522 et
2304 2455 2534 2521 Parall.
2564 2452 2645 2521 21

407 2558 651 2624 collatis
693 2561 930 2627 rectius
971 2566 1256 2645 μνααῒος
1301 2562 1614 2628 scribitur.
1703 2561 1831 2627 Sed
1885 2561 2159 2643 speciem
2203 2559 2649 2644 contractionis

409 2664 804 2744 grammatici
848 2663 1192 2730 subiiciunt
1231 2666 1521 2746 personis
1567 2664 1859 2731 secundis
1904 2664 2172 2730 duorum
2214 2662 2551 2737 verborum
2583 2663 2649 2728 in

406 2766 487 2849 ᾖῑ
528 2770 594 2832 et
614 2767 880 2833 totidem
901 2767 1500 2850 per-ispomenorum.
1566 2767 1663 2835 De
1693 2768 1818 2836 illis
1842 2766 2317 2836 Choeroboscus
2342 2765 2495 2832 Can.
2519 2763 2646 2833 879

407 2868 483 2933 τὸ
533 2861 725 2959 δύνῃ
770 2868 879 2936 καὶ
923 2866 1222 2959 ἐπίστῃ
1277 2869 1446 2937 κατὰ
1494 2866 1727 2949 πάθος
1763 2872 2063 2957 λέγουσιν
2088 2864 2366 2954 (Ἴωνες)
2391 2864 2483 2948 ὥς
2506 2866 2647 2935 ἀπὸ

410 2975 522 3037 τοῦ
574 2969 868 3050 ,δύνασαι
914 2974 1025 3040 καὶ
1070 2973 1432 3041 ἐπίστασαι
1479 2970 1713 3041 δύνααι
1756 2974 1868 3040 καὶ
1917 2971 2235 3041 ἐπίστααι
2301 2973 2497 3057 (adde
2540 2972 2650 3038 καὶ

406 3081 628 3164 τροπῇ
673 3079 797 3141 τοῦ·
833 3080 887 3147 ἶ
931 3074 1025 3156 εἷς
1070 3080 1099 3150 Ξ
1153 3073 1430 3155 ἱωνικῶς
1497 3073 1720 3143 δύνεαι
1778 3075 1887 3144 καὶ
1928 3074 2259 3160 ἔπίστεαι)
2327 3075 2437 3142 καὶ
2484 3074 2649 3141 κατὰ

408 3185 638 3263 κρᾶσιν
682 3182 801 3246 τοῦ
847 3183 884 3253 Ξ
928 3179 1037 3247 καὶ
1079 3183 1120 3252 Ξ
1166 3180 1380 3267 (scrib.
1424 3179 1510 3263 ἷι)
1555 3174 1649 3257 εἷς
1692 3182 1728 3267 ᾗ
1764 3177 1943 3267 δύνῃ,
1991 3177 2250 3270 ἐπίστῃ
2309 3177 2420 3245 καὶ
2464 3179 2652 3262 μένει

406 3281 482 3347 τὸ
547 3281 1248 3374 ῗπροσγεγραμμένον.
1358 3281 1447 3347 Et
1498 3281 1725 3346 iisdem
1768 3280 1902 3348 fere
1944 3282 2155 3349 verbis
2201 3279 2326 3347 673
2373 3276 2653 3348 δύνασαι

411 3386 523 3453 καὶ
590 3382 730 3454 κατ’
780 3374 1138 3477 ἆποβολὴιῗ
1195 3390 1313 3455 τοῦ
1358 3387 1417 3456 'a'
1475 3382 1703 3466 δύνααι
1771 3385 1883 3451 καὶ
1952 3387 2164 3474 τροπῇ
2206 3389 2325 3449 τοῦ
2370 3386 2428 3454 ἶ
2468 3381 2568 3463 εἷς
2620 3386 2653 3456 ἱ

412 3487 638 3559 διἰνεαι
705 3494 816 3559 καὶ
877 3492 1045 3559 κατὰ
1092 3499 1328 3580 κρᾶσιν
1391 3491 1513 3556 τοῦ
1558 3490 1600 3560 ἶ
1636 3487 1746 3555 καὶ
1791 3489 1868 3558 ’ἆῖ
1914 3485 2007 3566 εἷς
2072 3488 2147 3551 τὸ
2192 3490 2229 3577 ᾖ
2289 3483 2472 3576 δύνῃ,
2542 3487 2657 3555 καὶ

409 3594 597 3677 μένει
663 3595 738 3661 τὸ
798 3599 838 3665 ἶ
880 3592 1535 3683 προσγεγραμμένον.
1665 3591 1785 3657 His
1851 3589 2232 3657 adiiciuntur
2298 3591 2422 3656 duo
2484 3590 2653 3672 peri-

378 3715 731 3786 -spomena
818 3697 896 3762 In
940 3698 1131 3764 schol.
1176 3696 1353 3764 Harl.
1399 3697 1484 3762 ad
1507 3695 1623 3761 Od.
1646 3694 1744 3761 XI
1763 3690 1910 3772 221,
1954 3690 2060 3757 ubi
2106 3692 2341 3774 legitur
2383 3712 2657 3775 persona

414 3800 609 3866 tertia
653 3803 876 3891 δαμνᾷ
922 3797 1008 3879 ὡς
1053 3805 1269 3889 κιρνᾷ,
1335 3819 1412 3865 ex
1455 3799 1797 3881 improviso
1838 3794 2059 3862 incidit
2080 3797 2317 3862 mentio
2342 3798 2656 3864 secundae

415 3904 494 3970 ab
539 3905 658 3970 hoc
697 3905 835 3971 loco
880 3905 1152 3970 alienae:
1211 3899 1247 3968 ὁ
1278 3903 1371 3971 δὲ
1390 3897 1879 3985 Ἀσκαλωνίτης
1923 3895 2313 3983 συνεδάμνα,
2358 3904 2426 3965 et
2466 3900 2657 3982 paulo

413 4013 561 4092 post
603 4012 822 4097 δαμνᾷ
868 4007 1398 4094 περισπωμένως
1455 4000 1590 4070 ἀπὸ
1636 4007 1749 4070 τοῦ
1797 4006 2140 4086 δαμνῶμαι
2189 3995 2277 4079 ὦς
2320 4008 2657 4089 πειρῶμαι

412 4115 668 4201 »πειρᾷ
737 4110 918 4193 ἐμεῖο
987 4109 1260 4195 γεραιὲ(
1328 4108 1428 4193 (11.
1496 4107 1711 4173 XXIV
1762 4104 1917 4189 390)
1985 4102 2097 4171 καὶ
2163 4102 2659 4192 ἐκφωνουμένου

413 4217 526 4284 τοῦ
578 4220 627 4285 ’ἶ
673 4209 760 4291 ὥς
813 4212 888 4279 τὸ
948 4209 1137 4279 δύναι
1195 4209 1351 4302 παρ’
1408 4207 1749 4287 Ἀττικοῖς.
1836 4205 2249 4291 Συνεδοῖμνα,
2319 4208 2486 4289 quod
2538 4227 2658 4274 nu-

417 4336 642 4408 squam
670 4316 1004 4400 invenitur,
1026 4315 1327 4386 mendose
1350 4316 1654 4402 scriptum
1677 4316 1778 4382 est
1795 4332 1911 4399 pro
1936 4311 2015 4380 σύ
2039 4307 2251 4398 δάμνα
2275 4308 2657 4378 11:XIV199
