2946 4928
451 232 626 348 300*
1131 222 1138 227 ⁸
1183 224 1769 365 'mssnRTA'rIo
1810 282 1987 349 vm.

450 444 620 512 enim
661 463 855 527 quum
899 444 1182 513 dativum
1219 441 1532 533 Ὀδυσῆ’
1589 441 1935 513 ἀσπαστὸν
1980 443 2097 513 ἔδυ
2140 442 2317 534 φάος
2358 445 2499 512 Sine
2542 464 2718 528 apo-

454 547 713 630 stropho
758 548 1061 629 scriptum
1085 548 1463 630 invenisset,
1509 549 1628 614 hoc
1668 551 1771 631 ital
1792 550 2274 631 interpretatur:
2319 547 2396 616 τὸ
2447 549 2721 635 πλῆρες

403 647 717 737 -Ὄδυσῆι
786 649 925 733 (καὶ
990 646 1222 737 κράσει
1258 646 1537 740 Ὀδυσῇ)
1602 649 1927 739 ὡς1ἥρωι
1993 648 2190 738 (ἥρῳ)
2246 651 2719 732 Λαομέδοντι.

452 754 622 836 Ergo
698 754 1124 821 controversia
1187 756 1478 820 consistit
1541 756 1708 820 inter
1771 756 1952 820 clisin
1976 754 2272 820 Atticam
2339 760 2407 820 et
2470 756 2715 821 cresin.

451 856 763 922 Iudicium
809 856 1123 922 detrectat
1164 857 1577 939 Aristonicus
1622 859 1732 939 qui
1775 859 1854 924 de
1896 858 1969 924 Il.
2006 856 2132 922 VH
2152 856 2278 923 453
2320 857 2483 923 1111111
2526 856 2720 923 aliud

452 961 786 1043 expromit,
831 960 953 1025 nisi
996 960 1209 1042 diplen
1230 961 1586 1042 appositam
1630 979 1790 1042 esse,
1835 957 1936 1027 ὅτι
1983 956 2390 1044 δισυλλάβως
2431 961 2511 1026 τὸ
2558 957 2717 1048 ἥρῳ

455 1063 564 1128 καὶ
609 1061 682 1128 ἐν
717 1057 1074 1150 Ὀδυσσείᾳ
1100 1110 1118 1137 ,
1185 1062 1378 1143 idque
1441 1063 1508 1127 in
1551 1067 1821 1145 utroque
1864 1064 2126 1141 Homeri
2189 1065 2325 1130 loco
2390 1069 2462 1129 et
2503 1063 2728 1129 Arist.-

392 1202 402 1211 -
453 1167 607 1231 Aw.
659 1161 822 1229 1490
868 1164 1113 1229 codices
1157 1164 1441 1229 nonnulli
1486 1169 1561 1236 et,
1597 1165 1904 1233 editiones
1971 1164 2222 1232 veteres
2285 1167 2473 1249 plene
2546 1166 2715 1231 scri-

452 1272 635 1350 ptum
678 1266 992 1346 exhibent,
1035 1265 1102 1331 in
1144 1266 1427 1333 Platonis
1471 1273 1688 1335 autem
1729 1288 1946 1349 versu,
2014 1286 2202 1351 quem
2243 1269 2580 1351 designavi
2626 1268 2720 1333 ad

455 1370 685 1452 Phryn.
738 1368 884 1448 159,
922 1368 1055 1434 iota
1096 1373 1358 1450 mutum,
1402 1375 1479 1436 ut
1519 1372 1756 1438 Moeris
1799 1372 1993 1453 iubet,
2038 1371 2354 1453 omittunt.
2441 1370 2566 1437 His
2613 1368 2714 1436 lo-

456 1472 548 1538 cis
588 1471 987 1554 trisyllabum
1030 1477 1232 1538 metro
1277 1472 1648 1554 excluditur,
1690 1493 1767 1540 ac
1810 1474 2024 1556 Poppo
2068 1491 2149 1538 ne
2169 1473 2520 1556 Thucydidi
2564 1474 2719 1557 qui-

458 1576 604 1640 dem
647 1572 960 1654 concedit,
1028 1575 1143 1640 sed
1185 1575 1251 1641 in
1294 1574 1329 1639 I
1377 1574 1475 1641 11.
1526 1575 1555 1640 1
1606 1573 1778 1664 ἥρωί
1821 1601 1892 1643 τε
1951 1575 2229 1656 dubitat,
2296 1595 2379 1641 an
2444 1573 2593 1664 ἥρῳ
2643 1601 2719 1642 τε

460 1677 863 1748 scribendum
928 1677 1028 1742 sit.
1076 1677 1159 1761 [v.
1204 1678 1373 1743 Diss.
1418 1678 1511 1744 VI
1551 1698 1612 1761 p.
1658 1678 1911 1764 481¹-
1984 1678 2461 1744 Dubitationem
2525 1678 2722 1744 illam
2862 1758 2863 1771 ἢ

459 1780 836 1846 Eustathius
866 1777 1064 1845 1607:
1091 1779 1170 1849 19
1212 1781 1523 1848 transfert
1564 1783 1648 1847 ad
1666 1800 1895 1848 nomen
1937 1800 2063 1860 non
2105 1799 2264 1864 pure
2288 1781 2717 1847 declinatum:

459 1879 764 1949 τοιούτου
796 1877 998 1969 λόγου
1023 1881 1161 1948 ἐστὶ
1193 1882 1304 1947 καὶ
1330 1883 1403 1947 τὸ
1452 1882 1715 1969 ,,γέλω
1762 1882 2117 1964 ἔκθανοιῖ“,
2165 1884 2280 1952 sed
2320 1905 2379 1968 p.
2410 1884 2600 1951 1697.
2631 1886 2718 1952 17

459 1986 663 2067 magis
708 1985 791 2050 ad
834 2000 1155 2067 apocopen
1196 1984 1476 2066 inclinat,
1522 2003 1649 2067 qua
1691 2005 1886 2068 quum
1929 1986 2061 2051 iota
2104 1988 2351 2059 excludi
2396 1987 2580 2068 dicit,
2631 1987 2717 2054 ab

460 2088 776 2171 aliquibus
820 2087 1209 2170 adscriptum
1252 2105 1395 2154 esse
1441 2086 1780 2170 significem
1825 2089 2016 2171 idque
2037 2091 2271 2172 legitur
2312 2090 2378 2155 in
2421 2093 2719 2173 margine

461 2193 557 2260 ed
582 2192 774 2258 Basil.
802 2189 1162 2257 Od.,XVIII
1206 2189 1287 2256 99
1320 2189 1524 2275 (100),
1569 2209 1776 2274 neque
1808 2191 1995 2259 aliter
2036 2190 2175 2259 fieri
2193 2198 2424 2275 potest,
2471 2193 2610 2258 sive
2634 2193 2718 2259 ab

460 2295 674 2373 Attico
718 2294 955 2380 γέλως,
1004 2297 1116 2360 τοῦ
1160 2293 1331 2380 γέλω
1377 2293 1732 2360 derivatum
1775 2300 1902 2375 est,
1951 2295 2112 2376 sive,
2157 2296 2327 2377 quod
2370 2295 2718 2363 Buttman-

461 2417 582 2464 nus
625 2400 976 2481 praeoptat,
1022 2397 1103 2463 ab
1147 2397 1403 2466 Aeolico
1446 2397 1660 2484 γέλοςς
1712 2398 1827 2463 sed
1867 2396 2133 2463 Wolfius
2176 2403 2244 2466 et
2283 2398 2625 2466 Bekkerus
2672 2417 2715 2464 a
2748 2462 2755 2469 .
2862 2450 2863 2466 ,

462 2501 778 2567 tralaticia
821 2503 1135 2584 scriptura
1175 2522 1302 2569 non
1343 2506 1763 2568 recesserunt.
1812 2539 1884 2549 --
1938 2499 2338 2567 Simillimum
2380 2520 2532 2569 vero
2598 2522 2716 2569 no-

462 2624 608 2674 men
651 2604 717 2670 in
762 2605 1046 2671 eiusdem
1087 2605 1237 2671 libri
1279 2625 1334 2670 v.
1358 2603 1481 2669 211
1518 2603 1701 2688 (212)
1745 2604 1853 2670 ille
1899 2603 2051 2691 ἔρω
2096 2603 2367 2700 scripsit,
2410 2604 2514 2671 hic
2558 2604 2716 2695 ἔρῳ,

464 2709 544 2774 de
588 2726 712 2791 quo
754 2707 899 2773 EM.
934 2707 1078 2774 379.
1123 2697 1208 2772 52
1252 2705 1384 2796 ἔρω
1431 2702 1492 2774 εἶ
1508 2704 1629 2790 μὲν
1649 2705 1844 2794 χωρὶς
1888 2711 2005 2771 τοῦ
2060 2709 2131 2782 Γ,
2177 2702 2517 2832 ἀποκοπή
2532 2706 2719 2775 ἐστιν

465 2807 604 2877 απὸ
655 2814 769 2900 τῆς
813 2808 1062 2898 ἔρωτος
1104 2813 1360 2898 γενικῆς
1402 2809 1510 2876 καὶ
1557 2806 1751 2895 ἔρωτι
1800 2811 2085 2895 δοτικῆς·
2138 2804 2196 2873 εἶ
2242 2807 2316 2876 δὲ
2357 2810 2526 2891 μετὰ
2597 2813 2718 2878 τοῦ

463 2919 515 2996 ἶ,
566 2908 602 2978 ὅ
652 2912 817 2998 ἔρος,
863 2915 983 2979 τοῦ
1029 2911 1202 2998 ἔρου,
1247 2938 1340 3000 τῳ
1373 2911 1539 3001 ἔρῳ,
1598 2918 1665 2979 et
1704 2912 1823 2979 hoc
1864 2910 2246 2978 Eustathius
2290 2913 2716 2995 amplectitur,

465 3016 538 3083 τὸ
605 3015 726 3101 γὰρ
782 3014 951 3101 ἔρως
1015 3011 1263 3102 ἔρωτος
1328 3009 1408 3079 οὗ
1476 3017 1660 3082 δοκεῖ
1720 3013 2008 3104 γνωστὸν
2045 3008 2332 3101 Ὁμήρῳ.
2384 3052 2455 3062 -
2507 3016 2718 3083 Ambo

467 3123 684 3188 autem
723 3116 1002 3184 editores
1047 3117 1446 3183 consentiunt
1495 3118 1561 3184 in
1605 3114 1802 3204 ἱδρῷ
1846 3115 1919 3181 Il.
1966 3114 2151 3181 XVII
2193 3114 2320 3181 385
2338 3166 2354 3195 ,
2422 3118 2537 3184 sed
2583 3119 2715 3185 dis-

464 3222 662 3291 sentit
705 3217 1175 3287 Choeroboscus
1219 3218 1365 3301 255,
1417 3211 1494 3285 15
1540 3213 1913 3306 εὑρίσκεται
1961 3215 1999 3307 ἡ
2048 3217 2273 3305 δοτικὴ
2320 3218 2451 3284 ’τοῦ
2516 3217 2719 3308 ἱδρώς

467 3326 634 3393 κατὰ
682 3320 1039 3409 ἀποκοπὴν
1082 3325 1203 3388 τοῦ
1246 3325 1312 3392 ’ἦ
1369 3320 1480 3390 καὶ
1524 3316 1564 3407 ἦ
1612 3318 1938 3408 αἶτιατικὴ
1980 3317 2161 3409 ἱδρῶ,
2205 3328 2272 3388 et
2290 3320 2436 3387 ΕΜ.
2459 3320 2716 3391 46646
2758 3323 2795 3344 ³

467 3427 712 3517 ἱδρῶτα
760 3426 870 3492 καὶ
914 3424 1214 3512 συγκοπῇ
1259 3421 1438 3510 ἱδρῶ·
1486 3420 1546 3492 εἶ
1590 3423 1663 3493 δὲ
1707 3424 1955 3512 δοτικὴ,
2000 3423 2166 3514 μετὰ
2209 3426 2328 3489 τοῦ
2267 3425 2411 3537 —Z

644 3529 982 3595 Nominum
1026 3526 1276 3609 generis
1306 3528 1536 3607 neutri,
1582 3545 1746 3610 quae
1775 3528 2121 3611 genitivum
2162 3527 2240 3592 111
2272 3563 2370 3604 aas
2398 3526 2779 3609 mittunt,

473 3651 669 3700 unum
712 3632 779 3696 in
823 3630 1015 3697 schol.
1059 3630 1223 3697 Vict.
1270 3631 1352 3695 ad
1396 3629 1555 3695 VIII
1600 3627 1725 3698 563
1784 3631 1867 3696 ad
1911 3627 2302 3694 affectionem
2345 3635 2709 3697 revocatur.

472 3738 662 3803 σέλαι
711 3735 859 3820 (scr.
904 3732 1144 3816 σέλα)
1189 3719 1544 3820 γραπτέον,
1590 3727 1669 3799 οὗ
1715 3732 1911 3809 σέλας
1947 3734 2094 3816 (scr.
2119 3725 2347 3820 σέλᾳ)·
2393 3728 2713 3820 ἀποκοπῆ

474 3835 598 3925 γάρ
665 3836 797 3902 ἔστι
858 3839 977 3906 τοῦ
1045 3838 1253 3903 σέλαι.
1342 3836 1482 3902 Hoc
1533 3836 1668 3901 loco
1733 3839 1801 3899 et
1854 3832 1971 3899 Od.
2004 3832 2171 3898 XXI
2213 3830 2339 3897 246
2407 3834 2713 3917 editiones

474 3946 725 4007 veteres
770 3938 1069 4004 exhibent
1112 3939 1271 4006 σέλα
1320 3937 1534 4025 πυρὸς
1578 3933 1973 4020 αἰθομένοιο
2021 3934 2210 4017 alpha
2253 3934 2550 4018 Simplici,
2617 3934 2715 4003 cui

477 4041 811 4108 Ernestius
854 4040 986 4104 iota
1030 4040 1421 4124 subscripsit,
1467 4041 1776 4123 quomodo
1820 4038 2007 4121 vulgo
2049 4036 2284 4120 legitur
2303 4036 2457 4105 Hes.
2482 4038 2710 4128 Theog.

391 4213 398 4216 ,
476 4145 601 4212 867
649 4142 960 4209 adiunctis
1003 4142 1214 4209 verbis
1258 4144 1502 4223 iisdem,
1550 4142 1663 4207 sed
1706 4142 1810 4207 hic
1852 4141 1976 4206 duo
2008 4141 2254 4206 codices
2298 4139 2509 4222 σέλαι,
2550 4157 2712 4207 unus

478 4247 632 4313 σέλα
689 4233 1015 4329 praebent.
1133 4245 1383 4313 Pariter
1426 4244 1500 4310 II.
1544 4245 1640 4311 XI
1682 4243 1808 4309 385
1875 4245 2064 4329 κέρα
2133 4239 2342 4328 ἄγλαέ
2402 4244 2470 4309 111
2513 4243 2710 4323 Vind,
