2946 4928
333 386 338 395 1
408 345 535 412 308
654 378 659 383 ·
1141 342 1698 413 DISSERTATIO
1753 342 1927 414 vm.

410 494 628 594 γέλαιζ
671 509 810 574 Hoc
853 510 1107 592 quidem
1130 510 1435 575 dissimile
1481 516 1608 590 est;
1655 510 1972 592 geminum
1994 507 2275 574 eiusdem
2298 507 2634 573 verborum

408 613 645 679 ordinis
701 611 943 693 profert
997 612 1470 679 Ohoeroboscus
1514 610 1660 678 856.
1706 613 1791 678 22
1859 601 1924 677 οἱ
1986 609 2266 688 Αἰολεῖς
2336 606 2645 697 ἀποβολῇ

406 721 524 780 τοῦ
591 718 644 785 σ-
687 714 769 780 τά
825 713 1017 799 τρίτα
1088 720 1361 782 ποιοῦσι
1444 716 1678 804 τίθημι
1762 713 1961 800 τίθης
2040 714 2268 801 τίθη,
2340 713 2638 797 ζεύγνυμι

409 814 668 903 ζεύγνυς
704 815 1021 903 ζεύγη),
1072 820 1184 884 sed
1225 824 1460 883 testem
1490 825 1705 883 tamen
1746 836 1871 882 non
1917 817 2255 899 subiungit,
2302 836 2507 899 neque
2529 834 2642 881 nos

409 908 778 1017 reperimus,
825 941 1012 1003 quem
1056 922 1335 987 Hesiodo
1382 923 1616 987 addere
1661 922 1992 1003 possimus,

575 1024 672 1088 De
716 1024 1055 1090 indicativo
1108 1025 1398 1105 passivae
1442 1024 1712 1104 formae,
1778 1024 1887 1105 qui
1939 1024 2172 1106 legitur
2217 1022 2335 1087 Od.
2380 1021 2473 1087 XI
2516 1023 2634 1087 221

407 1127 666 1214 πυρὸς
719 1128 964 1210 μένος
1010 1130 1299 1216 δαμνᾷ,
1372 1126 1561 1192 ἐπεί
1604 1151 1685 1191 κε
1733 1130 2009 1213 πρῶτα
2056 1124 2254 1213 λίπῃ
2318 1161 2390 1173 -
2459 1130 2642 1190 vetus

404 1232 720 1310 interpres
744 1229 835 1293 sic
855 1230 1339 1294 sermocinatur:
1389 1231 1652 1317 δαμνᾷ
1699 1225 1790 1307 ὥς
1835 1237 2056 1320 κιρνᾷ·
2105 1227 2168 1296 οὶ
2214 1230 2287 1295 δὲ
2333 1230 2486 1312 δᾶμ
2506 1254 2638 1293 να-

402 1357 534 1398 ται
584 1329 682 1410 ιῧς
727 1357 856 1397 κεν
905 1335 1183 1418 πρῶτα
1229 1331 1465 1417 λίπῃ,
1515 1326 1604 1409 ὡς
1629 1330 1932 1419 Κράτης·
1982 1328 2018 1396 ὅ
2056 1332 2128 1399 δὲ
2155 1329 2641 1418 Ἀσκαλωνίτης

405 1432 772 1517 συνεδάμνα
843 1435 989 1517 (scr.
1046 1435 1573 1517 συνεσταλμένως
1629 1431 1888 1519 δάμνα).
1961 1433 2064 1499 ”H
2123 1440 2242 1501 τοῦ
2311 1439 2639 1517 δαμνᾶται

405 1537 721 1627 ἀποκοπὴ
770 1536 1001 1616 ἔξοδον
1051 1537 1122 1603 δὲ
1191 1537 1335 1619 (scr.
1385 1533 1548 1602 ὅθεν
1593 1538 1720 1620 δεῖ.)
1777 1533 2244 1622 ἀναγινώσκειν
2291 1563 2637 1623 περισπω·

405 1642 618 1725 μένως
666 1637 804 1706 άπὸ
852 1644 969 1705 τοῦ
1017 1642 1368 1722 δαμνῶμαι
1420 1635 1508 1716 ὡς
1541 1644 1871 1724 πειρῶμαι
1921 1647 2123 1729 πειρᾷ
2171 1643 2280 1727 καὶ
2307 1640 2633 1727 ἐκφωνου-

403 1745 607 1821 μένου
653 1747 773 1809 τοῦ
835 1782 854 1812 ι
918 1738 1006 1820 ὡς
1062 1742 1136 1807 τὸ
1186 1739 1375 1808 δύναι
1425 1738 1584 1827 παρ’
1626 1738 1966 1822 ’Λττικοῖς.
2057 1744 2208 1808 Fuit
2247 1743 2443 1825 igitur
2487 1744 2637 1808 Scri-

401 1853 593 1929 ptura
613 1848 860 1928 triplex,
907 1865 1033 1910 uno
1054 1845 1241 1927 vulgo
1263 1850 1540 1925 recepta,
1589 1845 1702 1909 sed
1727 1844 1970 1911 Crateti
2001 1836 2340 1928 reprobata
2378 1848 2418 1912 δ
2433 1872 2533 1928 αμ
2549 1848 2637 1935 νᾷ

404 1950 551 2017 ἐπεὶ
604 1987 714 2030 -,
762 1950 965 2014 altera
1013 1948 1448 2012 Ptolemaeum
1492 1946 1804 2013 fautorem
1847 1954 2034 2014 nacta
2080 1945 2337 2030 δάμνα
2385 1947 2534 2015 ἐπεὶ
2559 1985 2630 1996 -

404 2071 544 2118 oum
589 2070 863 2134 apocope
928 2069 1045 2132 pro
1112 2047 1481 2133 δάμναται,
1549 2052 1743 2116 tertia
1787 2050 2086 2119 Cratetea
2154 2048 2483 2133 δάμναται
2552 2048 2638 2129 ὥς

378 2170 530 2221 ’κεν.
588 2153 763 2231 Quae
809 2158 1160 2235 sequuntur
1180 2144 1394 2223 verba'
1421 2148 1561 2219 ἀπὸ
1610 2158 1728 2219 τοῦ
1764 2157 2113 2236 δαμνῶμαι
2165 2149 2253 2231 ὥς
2298 2158 2635 2241 πειρῶμαι

401 2261 605 2346 πειρᾷ
653 2255 955 2342 (πειραὶ),
999 2254 1123 2319 huc
1164 2256 1452 2336 tendunt,
1500 2275 1578 2321 ne
1615 2258 1756 2338 quis
1779 2250 2103 2338 vulgatum
2150 2259 2366 2345 δαμνᾷ
2396 2257 2640 2322 reiiciat

400 2365 660 2442 propter
717 2377 858 2423 eam
920 2376 1203 2438 causam,
1261 2359 1419 2439 quia
1476 2359 1663 2424 huius
1707 2349 1882 2424 verbi
1938 2359 2181 2424 nullum
2236 2363 2410 2424 extet
2473 2359 2643 2441 apud

399 2469 653 2545 poetam
695 2461 1079 2543 exemplum3
1124 2480 1272 2525 nam
1316 2469 1507 2542 certe,
1554 2462 1784 2544 inquit,
1829 2462 2031 2527 utitur
2074 2460 2276 2527 forma
2321 2463 2638 2529 secundae

401 2585 711 2648 personae
744 2564 1068 2630 media'Il.
1094 2564 1245 2629 XIV
1275 2563 1394 2629 199
1443 2564 1522 2631 σὺ
1572 2564 1825 2643 πάντας
1870 2568 2087 2654 δαμνᾷ
2136 2560 2525 2645 ἀθανάτους
2565 2571 2641 2631 ut

400 2673 605 2759 πειρᾷ
641 2669 818 2752 ἐμεῖο
853 2669 1098 2755 γεραιέ,
1146 2667 1315 2748 quod
1338 2667 1528 2732 schol.
1559 2667 1714 2732 Vict.
1758 2667 2042 2733 hocloco
2075 2668 2362 2749 apponit:
2411 2666 2474 2735 οἳ
2517 2668 2638 2752 μὲν

323 2815 335 2825 κ
398 2770 651 2854 ἔμοίως
695 2777 786 2858 τῷ
828 2774 1072 2862 πειρᾷ
1120 2767 1375 2852 ἒμῗεῖο,
1428 2766 1491 2835 οἱ
1539 2770 1614 2836 δὲ
1635 2767 2090 2857 Δώριονιᾶντῖ
2136 2774 2254 2837 τοῦ
2279 2767 2635 2852 δάμνασαι.

408 2873 637 2953 Οὕτως
675 2870 1108 2959 Ἀρίσταρχός
1154 2895 1357 2959 φησιν
1416 2868 1687 2961 ἐπίστᾳ,
1758 2868 1950 2961 δίνᾳ,
2018 2892 2181 2955 quae
2224 2873 2508 2957 Heynius
2573 2875 2640 2940 in

397 2978 557 3043 Add.
605 2977 686 3042 ad
729 2976 790 3040 h.
835 2976 875 3039 1.
897 2970 1188 3062 ’ἑπίστῃ,
1238 2972 1397 3070 δύνῃ
1444 2973 1816 3067 scribixvult
1855 2995 2080 3058 parum
2126 2976 2497 3057 attendens,
2543 2977 2634 3042 sic

398 3080 634 3161 scripta
676 3077 998 3159 proposito
1045 3074 1258 3164 δάμνᾳ
1305 3095 1429 3141 non
1475 3078 1808 3148 convenire
1831 3078 1912 3160 *).
2141 3090 2155 3102 ·
2740 3079 2750 3084 ⁴

569 3180 869 3262 Sequitur
932 3179 1032 3243 his
1099 3178 1429 3243 coniuncta
1495 3183 1562 3261 et
1588 3179 1938 3245 ‘continens
1995 3181 2282 3262 quaestio
2336 3182 2416 3248 de
2469 3188 2633 3249 tem·
2654 3170 2670 3181 ⁹

394 3284 655 3368 poribus
738 3282 1119 3365 praeteritis,
1228 3281 1628 3347 Herodianus
1693 3282 1760 3347 in
1828 3284 2017 3349 schol.
2078 3284 2150 3349 Il.
2196 3285 2252 3350 V
2296 3283 2423 3350 256
2436 3337 2475 3366 ,ἡ
2523 3286 2634 3353 ubi

396 3389 475 3453 de
522 3387 596 3454 ἔα
643 3383 805 3470 (εἴα)
853 3385 1124 3465 disserit,
1169 3384 1293 3450 huc
1337 3386 1686 3466 egreditur:
1735 3381 1853 3451 οὐκ
1900 3378 2113 3472 ὄῖηθες
2136 3387 2245 3452 καὶ
2271 3372 2641 3469 ἐνεστῶταξ

397 3487 917 3557 ἀποκόπτεσθαι
965 3488 1075 3553 καὶ
1119 3480 1361 3565 ἄλλους
1402 3486 1681 3573 χρόνους
1727 3483 1816 3567 ὥς
1860 3487 1989 3571 ἔχει
2048 3488 2124 3554 τὸ
2183 3483 2377 3557 οὗτοι
2433 3492 2634 3558 κατά

397 3571 788 3678 λαπάρην.
876 3589 999 3653 Hic
1040 3593 1256 3654 utrum
1300 3591 1536 3670 aoristo
1583 3584 1824 3657 οὔτασε
1846 3590 2204 3673 syllabam,
2273 3611 2355 3657 an
2396 3593 2634 3675 imper-

393 3694 558 3759 fecto
616 3686 812 3758 οὔταε
854 3692 1136 3757 vocalem
1180 3692 1532 3759 detractam
1584 3694 1931 3776 putaverit,
1995 3712 2120 3759 non
2179 3695 2334 3760 satis
2400 3695 2638 3778 liquet3

395 3797 508 3861 sed
553 3797 704 3878 quia
746 3814 938 3878 quum
982 3796 1251 3860 maxime
1296 3796 1376 3862 de
1421 3795 1498 3862 ἔα
1542 3799 1766 3879 agitur,
1810 3793 2249 3877 imperfectum
2273 3796 2637 3880 significare

393 3898 665 3977 videtur,
711 3916 908 3978 quare
953 3917 1146 3979 supra
1192 3916 1327 3980 cap.
1372 3898 1405 3963 I
1451 3917 1512 3979 p.
1541 3897 1666 3964 275
1711 3899 1965 3963 inserui.
1994 3935 2063 3947 --
2097 3898 2225 3964 Cur
2268 3899 2638 3967 Zenodotus

397 3998 597 4066 ἔπλε
643 3999 715 4084 Il.
760 3998 1008 4064 XII.11
1079 4019 1193 4081 pro
1242 4000 1480 4067 ἔπλετο
1524 4004 1800 4083 positum
1845 3985 2141 4066 statuerit⁸
2186 3997 2320 4067 κατ’
2374 3998 2637 4068 ἀποκο-

394 4097 557 4187 πήν,
593 4099 782 4165 *haec
822 4121 951 4166 una
991 4103 1173 4168 reddi
1230 4108 1443 4184 potest
1484 4105 1675 4186 ratim
1744 4104 1911 4186 quod
1962 4102 2082 4196 hoc
2133 4104 2200 4168 in
2243 4105 2661 4186 carminibus!

527 4323 587 4390 *)
617 4326 687 4391 cf.
711 4341 773 4390 p.
810 4320 913 4378 122
946 4341 1022 4393 eq.
