2946 4928
401 353 519 420 DE
566 351 1053 437 SYNAERESI,
1098 355 1501 434 DIAERESI
1545 363 1663 424 etc.
1705 358 1799 425 Ῥ.
1822 357 1903 425 II.
1951 355 2017 425 O.
2041 358 2156 425 ΠΙ.
2202 361 2256 445 ᾖ.
2282 360 2339 425 2.
2391 359 2511 428 133

266 542 404 600 νος,
468 518 639 600 quod.
683 520 967 601 sequitur
1009 519 1153 586 EM.
1199 519 1344 586 578.
1389 518 1472 585 57
1542 516 1681 588 ἀπὸ
1741 525 1861 588 τοῦ
1910 547 1956 604 μ
1976 522 2345 605 εμνέοιτο
2393 519 2513 590 αὗ-

267 617 457 709 ξὴσει
502 624 622 687 τοῦ
663 626 697 692 ὂ
743 619 835 700 εἷς
865 625 927 693 ῑῖ.
1019 622 1145 688 Sed
1187 623 1362 689 verbi
1385 624 1747 707 μεμνέομαι
1781 627 2084 692 memoria
2126 626 2301 691 nulla
2322 631 2514 706 extat,

263 724 782 806 probabiliusque
848 722 1106 807 fingitur
1170 745 1476 809 praesens
1520 723 1905 811 μεμνάομαι
1970 748 2085 811 per
2130 730 2515 794 anadromen

245 828 588 909 -quandam
655 846 691 893 e
756 827 1037 909 perfecto
1104 834 1329 895 ortum.
1460 831 1627 895 Hinc
1692 836 1904 897 autem
1958 836 2133 911 recte
2188 837 2255 897 et
2297 833 2514 898 ordine

268 926 624 1016 μεμνῴμην
670 932 958 1012 provenit
983 936 1056 997 ut
1080 936 1432 1023 κεκτῴμην,
1478 933 1647 998 unde
1678 935 1980 1020 μεμνῷτο
2026 937 2093 998 et
2113 932 2516 1000 Homericum

269 1033 432 1098 illud
469 1032 808 1120 μεμνέῳτο
858 1033 1208 1103 &nav-950&
1256 1041 1374 1101 τοῦ
1421 1040 1456 1108 ἕ
1491 1037 1671 1101 Eust.
1723 1033 1905 1100 1305.
1950 1032 2063 1116 46,
2131 1036 2299 1118 quod
2340 1037 2514 1119 pleo-

267 1136 580 1201 nasticum
623 1142 809 1202 vocat
858 1136 1040 1202 1332.
1092 1136 1189 1218 18,
1258 1139 1359 1203 vel
1403 1140 1615 1221 potius
1684 1135 2043 1226 ἀναμνήσει
2094 1142 2211 1206 τοῦ
2257 1136 2516 1207 ἶωνικοῦ

261 1232 747 1322 μεμνεώμενος.
867 1238 993 1305 Sed
1036 1239 1234 1307 fuisse
1280 1241 1503 1322 etiam,
1570 1243 1679 1325 qui
1748 1242 2054 1308 diectasin
2096 1241 2509 1324 praeferrent,

263 1342 549 1407 ostendit
592 1343 907 1424 scriptura
927 1342 1102 1408 Harl.
1146 1339 1495 1431 μεμνόῳτο
1541 1349 1615 1409 ut
1661 1341 1913 1434 ὁρόῳτε
1947 1344 2227 1429 [v.V01.1
2250 1345 2375 1411 425
2401 1366 2512 1429 sq..

265 1443 345 1511 cf.
391 1445 458 1509 II
500 1444 603 1512 42.
649 1445 920 1511 Bekker.
964 1447 1308 1535 μεμνῇτο]

440 1584 494 1670 ἓ.
545 1582 601 1650 3.
691 1583 793 1648 Ad
829 1587 871 1668 ἦ
926 1586 996 1654 ‘Ji
1032 1602 1195 1666 quae
1239 1582 1561 1665 pertinent
1603 1601 1813 1665 supra,
1859 1602 2055 1666 quum
2099 1584 2178 1649 de
2220 1585 2513 1672 μέμνηαι

260 1687 479 1775 μέμνῃ
525 1686 720 1753 verba
762 1684 1053 1768 facerem,
1098 1687 1382 1769 exposita
1427 1691 1592 1752 sunt.

434 1808 572 1877 iffi
630 1811 810 1871 extra
876 1807 1298 1890 synaloephen
1363 1800 1591 1893 (αὖτή)
1658 1808 1906 1873 omnino
1971 1825 2097 1872 non
2147 1808 2512 1891 iunguntur,

264 1927 463 1991 quare
487 1908 803 1975 Hesiodus
849 1907 1132 1997 νήϋτμος
1175 1910 1385 1975 dicere
1431 1913 1685 1975 coactus
1732 1914 1831 1974 est
1861 1928 2200 1991 suppresso
2243 1913 2511 1978 nominis

264 2007 483 2100 ἀϋτμή
551 2012 742 2093 alpha
805 2015 1168 2096 principali,
1235 2012 1405 2095 quod
1468 2012 1639 2077 idem
1705 2012 2062 2078 absumitur
2129 2015 2509 2097 synaloephe

260 2116 610 2197 particulae
658 2116 737 2201 δὴ
786 2109 946 2183 αὖτε
992 2120 1187 2206 δηῦτε
1231 2115 1518 2198 Apollon.
1564 2114 1723 2180 Adv.
1769 2113 1915 2180 495.
1963 2114 2019 2196 3,
2067 2115 2142 2182 cf.
2169 2114 2509 2184 Schneide-

260 2220 403 2285 win.
455 2218 792 2305 Bcitraeqe
857 2242 974 2282 zur
1027 2218 1255 2283 Kritik
1321 2216 1434 2281 der
1491 2229 1718 2302 poetae
1784 2217 1975 2304 lyrici
2032 2237 2092 2300 p.
2138 2216 2221 2283 43
2289 2219 2512 2305 [supra

259 2341 323 2404 p.
368 2319 470 2403 43,
517 2323 786 2387 Dissert.
833 2322 959 2387 VH
1001 2322 1069 2388 P.
1114 2321 1214 2387 III
1259 2320 1437 2386 G..11
1480 2319 1623 2404 eX.].

435 2464 542 2534 ‘iiii
609 2460 1000 2528 contrahitur
1064 2460 1131 2527 in
1191 2456 1810 2543 plusquamperfecto
1864 2457 2042 2525 verbi
2108 2450 2265 2544 εἶμι,
2332 2461 2508 2528 cuius

261 2564 551 2631 novimus
594 2582 898 2647 personas
943 2564 1164 2629 duales
1199 2568 1266 2629 et
1293 2562 1574 2646 plurales
1596 2555 1784 2651 ᾔτην,
1805 2553 1997 2651 ᾖμεν,
2020 2554 2161 2651 ᾗτε,
2205 2566 2508 2647 exemplis

260 2668 571 2750 plurimis
617 2687 779 2751 quae
826 2668 1136 2734 Matthiae
1180 2688 1239 2750 p.
1272 2666 1397 2732 507
1445 2664 1728 2731 studiose
1773 2665 2147 2747 conquisivit
2189 2667 2507 2734 adnotatis

258 2770 566 2837 librorum
605 2771 1069 2858 discrepamus.
1156 2771 1501 2836 Personam
1544 2769 1803 2856 tertiam
1846 2767 2027 2832 addit
2065 2757 2209 2834 EM.
2250 2769 2394 2837 301.
2421 2770 2502 2835 55

262 2870 595 2962 εἶσῇμειῡ
662 2870 806 2941 ἀντὶ
872 2877 991 2940 τοῦ
1058 2870 1478 2964 εἷσῄειμεν
1545 2871 1662 2939 σὺν
1726 2874 1820 2959 τῷ
1866 2868 1909 2941 ι’
1948 2871 2247 2952 Καλλίας
2306 2873 2510 2960 (Gom.

258 2977 514 3059 Fragm.
562 2976 630 3042 Τ.
675 2977 741 3042 Π
787 2975 940 3060 740)
1009 2975 1117 3043 καὶ
1187 2972 1520 3065 εἰσῇσαν
1588 2970 1734 3042 ἀντὶ
1792 2978 1910 3041 zoi
1956 2971 2339 3064 εἰσῄεσαν
2385 2976 2503 3043 σὺν

260 3082 357 3168 τῷ
400 3085 453 3151 ’ἰ
491 3075 818 3167 Ἀγάθων.
908 3079 1189 3146 Persona
1231 3080 1569 3162 singularis
1615 3079 1864 3145 numeri
1906 3071 2097 3168 ᾖσθα
2141 3080 2503 3148 coniectura

259 3184 505 3264 nititur,
550 3202 608 3248 v.
651 3182 993 3248 Hermann.
1040 3183 1124 3248 ad
1165 3182 1385 3265 Agam.
1430 3181 1576 3249 489.
1629 3219 1699 3230 ·--
1751 3180 2081 3248 Adiectiva
2121 3182 2188 3247 in
2227 3186 2292 3267 32}
2333 3186 2500 3266 peri-

261 3304 567 3369 spomena
612 3286 851 3373 λαχνῆς
894 3290 1010 3351 etc.
1056 3303 1093 3351 e
1133 3285 1458 3370 barytonis
1503 3287 1569 3351 in
1607 3288 1747 3370 W
1770 3289 2095 3352 contracta
2138 3303 2279 3351 esse
2322 3285 2507 3352 facile

259 3389 600 3471 unicuique
643 3390 711 3454 in
754 3392 1031 3454 mentem
1074 3389 1304 3468 veniat,
1373 3390 1680 3471 idemque,
1714 3389 2015 3453 statuisse
2059 3392 2346 3453 veterum
2391 3390 2504 3454 ali-

259 3510 421 3574 quos
463 3491 772 3558 Arcadius
818 3489 1130 3573 significat
1171 3510 1231 3573 p.
1278 3489 1378 3557 24.
1424 3492 1511 3558 20
1575 3492 1782 3557 crasin
1844 3491 2019 3556 illam
2085 3491 2506 3573 synaloephae

260 3596 513 3662 nomine
554 3596 838 3661 indicans
853 3645 869 3675 ‚
917 3598 983 3660 et
1023 3595 1142 3659 hac
1185 3592 1473 3674 opinione
1517 3594 1800 3661 nonnulli
1847 3600 2041 3683 τιμῇς
2086 3598 2151 3659 et
2196 3594 2297 3659 all.
2345 3594 2501 3660 scri-

257 3703 531 3782 pserunt
573 3698 788 3764 addito
833 3699 988 3778 iota,
1034 3717 1091 3763 v.
1135 3697 1400 3762 Elemm.
1447 3696 1480 3760 I
1525 3696 1652 3764 342
1698 3717 1852 3781 sqq.,
1917 3698 2027 3762 ubi
2069 3701 2270 3762 totam
2311 3698 2500 3763 huius

256 3803 448 3869 huius
493 3802 743 3883 generis
785 3800 1089 3867 fabricam
1133 3785 1401 3882 explicui
1447 3798 1531 3884 [v.
1578 3818 1773 3884 supra
1814 3820 1874 3883 p.
1925 3798 2094 3883 102}
2275 3800 2292 3813 ‘

433 3923 553 3995 ἴεν
597 3927 665 3987 et
705 3922 807 4007 η-οῐ,
849 3921 1171 4003 nunquam
1236 3921 1668 4004 monosyllaba
1730 3919 1889 3987 fiunt
1953 3920 2074 3985 nisi
2118 3920 2184 3985 in
2234 3920 2501 3986 diversis

258 4025 547 4092 vocibus:
595 4020 917 4114 ἦῦλάβεια
963 4022 1248 4106 Sophocl.
1293 4029 1360 4089 et
1402 4018 1447 4110 ἢ
1494 4020 1572 4090 οὗ
1617 4024 1892 4104 Homer.‚
1938 4042 2101 4106 quae
2145 4023 2331 4087 huius
2378 4023 2499 4088 loci

258 4149 387 4197 non
433 4133 598 4195 sunt.
690 4127 818 4194 Sed
859 4144 985 4192 non
1029 4117 1521 4193 obliviscendum
1566 4131 1667 4193 est
1707 4127 2056 4209 particulae
2099 4129 2264 4209 μῶν,
2312 4144 2503 4206 quam

259 4233 631 4317 Apollonius
664 4298 669 4304 ,
699 4230 1051 4315 [Coniunct.
1095 4228 1224 4296 494
1267 4248 1401 4312 sqq.
1468 4230 1685 4295 multis
1751 4227 2034 4295 defendit
2076 4228 2383 4294 coaluisse
2429 4226 2502 4292 ε”κ

263 4362 335 4406 τε
393 4339 877 4426 διαπορητικοῦ
941 4337 1062 4400 τοῦ
1104 4330 1207 4422 μή
1274 4332 1383 4401 καὶ
1448 4335 1569 4399 τοῦ
1636 4325 1737 4399 ὧν
1796 4333 2500 4420 παραπληρωματικοῦ
