2946 4928
467 335 588 406 174
1228 335 1789 427 mssnnmno
1832 339 1975 408 vn.

463 500 530 568 C.
580 500 748 569 1038
789 507 1033 585 pugnat
1083 500 1374 571 Οἰδίπου
1421 502 1616 587 1346,
1683 523 1873 588 quam
1910 505 2117 571 rlitem
2161 504 2566 571 Hermannus
2633 508 2699 570 et

456 604 816 673 Ellendtius
860 606 1070 672 dirimi
1111 626 1301 689 posse
1342 614 1597 691 negant,
1641 614 1908 692 uterque
1952 609 2257 675 adversus
2292 607 2553 689 Reisigii
2596 624 2695 673 ar·

456 706 650 773 bitria
695 709 1034 775 disserens,

629 811 780 877 Tria
822 818 973 877 sunt
1013 812 1498 881 heteroclita
1541 814 1906 897 appellativi
1926 814 2176 896 generis
2222 832 2263 878 a
2301 813 2565 895 tragicis
2604 813 2695 877 di-

457 933 641 981 verse
664 913 845 996 flexa,
894 914 1141 997 πτυχός
1188 923 1256 982 et
1296 910 1552 1000 saepius
1580 916 1847 999 πτύχας,
1896 915 2376 995 v.Parall.107,
2423 910 2694 996 σταθμά

457 1016 645 1099 Soph.
692 1011 758 1084 et
779 1019 949 1100 Eur„
995 1019 1146 1084 alibi
1187 1020 1254 1085 in
1299 1022 1522 1086 eadem
1567 1021 1842 1087 trimetri
1873 1019 2127 1101 regione
2173 1020 2494 1101 σταθμοί,
2543 1013 2695 1083 σκό-

455 1146 576 1187 του
620 1127 687 1187 et
729 1122 977 1187 auctius
1023 1119 1301 1201 σκότους
1344 1129 1492 1189 ante
1514 1141 1855 1189 consonam
1875 1120 2064 1187 Herc.
2109 1120 2255 1188 563.
2322 1120 2449 1186 Sed
2474 1121 2698 1186 horum

453 1225 729 1305 primum
769 1222 1042 1290 fortasse
1088 1244 1126 1291 a
1168 1227 1373 1307 poetis
1419 1225 1649 1293 Atticis
1692 1225 1944 1292 omnino
1995 1225 2272 1291 alienum
2315 1230 2431 1305 est,
2477 1230 2548 1289 et
2589 1242 2697 1305 pa·-

452 1327 612 1391 riter
654 1327 967 1409 genitivus
1015 1321 1267 1409 όῖστεος,
1312 1348 1501 1411 quem
1558 1330 1805 1396 codices
1847 1328 2129 1395 nonnulli
2152 1327 2450 1393 exhibent
2470 1326 2696 1392 Aesch.

455 1428 672 1512 Suppl.
722 1428 864 1496 479.
895 1468 965 1478 —
1007 1430 1104 1497 Ob
1146 1431 1309 1499 hanc
1332 1450 1589 1497 causam
1630 1432 1827 1516 ,etiam
1872 1428 2196 1497 οὕνεκεν
2240 1431 2595 1497 coniunctio
2636 1418 2734 1494 in'

453 1530 577 1599 fine
622 1533 856 1598 senarii
897 1535 1105 1615 posita
1147 1533 1334 1601 Herc.
1386 1534 1507 1603 155
1555 1527 1739 1619 (152)
1784 1550 1926 1598 cum
1971 1531 2206 1599 οὕνεκα
2224 1583 2242 1614 ,
2310 1538 2386 1598 ut
2426 1532 2697 1598 Dindor-

451 1634 573 1702 fius
617 1635 809 1717 iubet,
856 1638 1301 1703 commutanda
1321 1639 1620 1719 videtur,
1643 1639 1807 1703 hanc
1846 1637 2013 1706 enim
2035 1637 2235 1706 solam
2279 1654 2485 1716 sermo
2532 1654 2695 1701 com-

451 1739 660 1805 munis
704 1745 771 1805 et
814 1739 1063 1805 Atticus
1106 1742 1347 1823 recepit
1390 1746 1458 1807 et
1499 1748 1727 1824 poetae
1771 1758 2019 1824 quoque
2063 1740 2275 1819 Attici,
2324 1758 2448 1804 non
2494 1738 2696 1804 solum

452 1842 563 1907 ubi
603 1843 967 1918 necessaria
1010 1849 1127 1923 est,
1174 1844 1289 1909 sed
1332 1845 1526 1909 etiam
1568 1862 1823 1910 versum
1847 1843 2242 1909 claudentes:
2289 1839 2527 1908 οὕνεκα
2554 1840 2592 1925 ΙΙ
2616 1832 2695 1905 ‹32¹-

451 1968 662 2030 κουσᾳ
708 1943 930 2010 Trach.
973 1942 1119 2025 934,
1167 1951 1235 2011 et
1275 1951 1426 2012 ante
1471 1946 1630 2012 alias
1663 1946 1913 2011 vocales
1943 1945 2274 2011 Philoctet.
2318 1942 2463 2026 232,
2509 1945 2695 2010 Herc.

451 2046 598 2115 207.
675 2046 997 2128 Aristoph.
1039 2046 1246 2113 Nubb.
1292 2047 1332 2112 6
1378 2046 1636 2115 οὕνεκεν
1679 2049 2042 2139 conceditur
2100 2049 2295 2130 epicis
2360 2048 2694 2130 lyricisque

449 2147 776 2215 familiare.
843 2149 1021 2216 Haec
1063 2168 1212 2215 vero
1253 2149 1439 2217 facile
1463 2145 1907 2218 discernuntur
1949 2169 1990 2218 a
2030 2152 2208 2234 prius
2230 2151 2441 2216 allatis
2487 2147 2695 2223 πόδα,

451 2249 691 2332 πόδας,
735 2251 901 2340 χερί,
946 2259 1188 2341 χεροῖν,
1237 2248 1453 2336 πόλις,
1502 2252 1684 2334 πόλι,
1728 2274 1890 2338 quae
1921 2273 2073 2321 casu
2114 2259 2182 2322 et
2223 2272 2484 2320 numero
2529 2254 2695 2318 inter

452 2373 522 2421 se
573 2351 889 2421 differunt.
1663 2400 1666 2406 ‚

626 2460 681 2546 ἓ.
725 2457 785 2525 5.
875 2457 1013 2526 Hac
1033 2460 1220 2543 longa
1245 2460 1633 2544 digressione
1653 2460 1835 2528 nobis
1857 2480 2016 2544 opus
2037 2458 2167 2541 fuit
2180 2459 2264 2525 ad
2282 2457 2692 2542 probandum,

450 2569 726 2645 poetas
772 2562 1034 2644 epicos
1101 2565 1644 2647 scenicosque,
1711 2584 1935 2648 quum
1998 2582 2309 2631 versum
2371 2563 2694 2643 possent

449 2667 679 2749 longa
720 2666 1153 2732 terminare
1199 2667 1540 2749 syllaba,
1585 2670 1965 2749 persajepe
2008 2685 2193 2732 usos
2237 2684 2413 2731 esse
2454 2661 2691 2730 brevi.

451 2768 563 2835 Sin
606 2770 794 2836 aliter
835 2768 1150 2851 fecissent,
1209 2775 1347 2836 tum
1391 2790 1542 2837 vero
1588 2770 2055 2840 concedendum
2101 2774 2289 2850 esset,
2355 2780 2691 2834 consonam
2706 2845 2729 2864 l

447 2892 699 2955 quoque
740 2873 1186 2955 paragogicam
1230 2874 1313 2939 ad
1357 2874 1843 2940 concinnitatem
1884 2891 2289 2939 numerorum
2354 2873 2689 2953 pertinere,

448 2975 734 3058 ideoque,
802 2975 857 3040 si
900 2976 1151 3057 quando
1196 2974 1465 3057 deficiat,
1533 2977 1717 3059 quasi
1767 2996 1803 3044 e
1845 2975 1997 3057 fuga
2039 2975 2489 3043 retrahendam
2531 2990 2690 3040 esse.

447 3078 565 3145 Illo
610 3082 825 3142 autem
868 3081 1241 3158 argumento
1277 3062 1350 3142 in
1394 3080 1734 3146 discrimen
1775 3080 2046 3147 adducto
2091 3078 2548 3160 dispiciendum
2593 3079 2692 3142 est

449 3181 529 3247 de
573 3182 775 3247 altero
817 3180 945 3261 ill0,
989 3179 1158 3261 quod
1201 3198 1241 3244 a
1262 3180 1578 3247 codicibus
1615 3184 1903 3263 sumitur,
1949 3181 2250 3248 adhibitis
2280 3179 2688 3262 scriptoribus

306 3348 313 3357 ,
444 3283 736 3365 plurimis
779 3300 905 3348 non
937 3283 1123 3349 unius
1168 3284 1398 3381 aetatis
1441 3291 1509 3350 et
1530 3287 1797 3367 generis,
1843 3284 1959 3351 sed
2001 3284 2278 3365 undique
2301 3282 2687 3359 convocatis3

441 3406 595 3469 nam
637 3404 788 3469 pars
845 3404 1075 3468 magna
1141 3387 1571 3469 exemplorum
1634 3385 1991 3453 infirmatur
2056 3386 2469 3468 ambiguitate
2534 3384 2687 3450 scri·-

445 3496 691 3573 pturae,
738 3490 819 3555 de
863 3508 990 3555 non
1032 3491 1251 3572 paucis
1296 3495 1510 3557 tacent
1539 3491 1815 3556 editores
1858 3492 1953 3556 rei
1993 3490 2275 3557 minutae
2319 3504 2534 3555 curam
2579 3504 2684 3568 ge-

446 3610 674 3659 nerose
717 3592 1164 3659 detrectantes.
2552 3656 2559 3659 Α

620 3694 987 3761 Sermonem
1010 3695 1399 3778 auspicabor,
1444 3696 1541 3761 uti
1568 3714 1687 3777 par
1708 3701 1825 3776 est,
1870 3676 1951 3762 ab
1973 3694 2320 3761 Homero.
2365 3692 2441 3759 In
2473 3693 2686 3759 codice

446 3782 721 3880 Veneto,
753 3805 828 3864 ut
847 3797 1217 3881 Spitznerus
1241 3800 1335 3865 ait
1355 3799 1439 3865 ad
1459 3799 1532 3865 Π.
1563 3798 1596 3863 Ι
1645 3798 1781 3879 189,
1825 3821 1910 3884 ny
1957 3795 2125 3862 alud
2162 3798 2363 3860 altero
2408 3819 2596 3861 vers-u
2639 3817 2679 3857 a

446 3923 721 3964 consona
760 3902 1010 3966 ineunte
1055 3902 1260 3966 omitti
1283 3880 1455 3983 solet,
1502 3922 1626 3985 quo
1648 3902 1841 3968 verbo
1864 3898 2216 3982 significare
2240 3900 2505 3980 videtur,
2551 3916 2674 3964 non

445 4022 699 4086 semper
743 4005 964 4070 omitti.
1050 4003 1337 4087 Heynius
1380 4006 1465 4070 ad
1507 4005 1696 4070 XXII
1738 4003 1863 4070 422
1876 4054 1892 4084 ,
1954 4004 2010 4069 si
2051 4002 2245 4068 verba
2310 4002 2446 4068 eius
2510 4006 2683 4067 recte

443 4111 840 4189 interpretor,
884 4127 999 4190 pro
1046 4109 1288 4197 ἔθηκεν
1315 4093 1351 4191 Π
1390 4105 1674 4185 τόσσους
1715 4107 1782 4171 in
1828 4104 2055 4171 Townl.
2099 4110 2403 4187 scriptum
2446 4087 2683 4186 reperit

443 4209 671 4296 ἔθηκε,
718 4211 798 4274 de
841 4212 983 4276 aliis
1023 4212 1178 4278 locis
1220 4211 1377 4277 nihil
1421 4210 1711 4291 adnotat,
1754 4228 1835 4274 ne
1879 4209 1945 4274 in
1989 4227 2259 4274 excursu
2300 4207 2555 4288 quidem
2598 4202 2679 4268 ad

385 4308 392 4313 ‘
440 4311 513 4386 L.
557 4312 640 4396 II,
684 4330 873 4397 quem
918 4314 1322 4400 exfprofesso
1366 4315 1446 4382 de
1516 4318 1587 4381 νῦ
1650 4312 2096 4404 ἕφὲλκυσιικῷ·
2160 4310 2496 4394 inscripsit.
2582 4307 2675 4373 De
