2946 4928
340 323 345 327 ·
417 307 504 377 48
1196 261 1756 375 mssniz‘rATio
1820 308 1932 375 vi.

593 472 670 539 In
693 471 1107 538 declinatione
1129 472 1453 540 nominum
1486 471 1610 539 duo
1634 489 1819 539 casus
1858 471 2250 541 occasionem
2273 471 2669 565 disceptandi
2747 462 2757 470 '

422 576 789 642 attulerunt.
877 573 1328 641 Ηο111111·1111115
1385 578 1487 640 est
1531 575 1782 640 dativus
1824 575 2092 641 nominis
2141 572 2315 662 ἥρως
2332 627 2348 651 ,
2416 560 2501 639 (10
2539 591 2669 656 quo

421 678 814 747 Aristonicus
882 678 965 743 ad
1006 678 1130 744 VII
1173 676 1299 743 453
1347 674 1485 765 ἥρῳ
1530 678 1965 761 Λαομέδοντι
2042 715 2114 725 -
2187 674 2226 766 ἢ
2284 678 2518 764 διπλῆ,
2560 673 2663 743 ὅτι

423 777 838 865 δισυλλάβως
893 778 1062 868 ἥρῳ,
1140 781 1218 846 de
1274 800 1397 863 quo
1441 782 1576 846 loco
1623 781 1853 864 duplex
1896 768 2100 847 fertur
2142 781 2490 860 sententia;
2555 785 2671 847 aut

422 886 590 950 enim
637 881 774 970 ἥρω
822 882 1220 949 scribendum
1277 902 1419 953 esse
1479 879 1607 949 ἀπὸ
1668 883 1944 963 κλίσεως
2001 880 2267 968 ἀττικῆς
2322 886 2423 969 (ut
2464 883 2669 970 γέλω)

419 988 564 1054 ΕΜ.
596 986 741 1052 437.
787 986 889 1068 55,
935 992 1048 1052 aut
1089 983 1232 1075 ἥρῳ
1277 987 1631 1069 subscripto
1673 988 1806 1054 iota
1831 993 2050 1054 contra
2072 1005 2373 1055 canonem
2404 1005 2442 1052 a
2465 985 2669 1052 Choe-

419 1093 682 1157 robosco
726 1088 874 1156 258.
926 1089 1131 1155 1—15
1187 1108 1304 1171 per
1346 1090 1510 1156 hanc
1554 1091 1946 1157 occasionem
1985 1092 2332 1173 repetitum
2376 1087 2549 1179 ἥρωὶ·
2587 1084 2668 1157 οὗ

421 1197 852 1281 συναιρεῖται,
895 1191 1004 1259 ἵνα
1047 1193 1139 1280 μὴ
1187 1188 1434 1284 εὑρεθῇ
1483 1195 1711 1282 δοτικὴ
1758 1189 1852 1272 εἷς
1897 1187 2358 1282 ἆνεκφαῖνητον
2380 1194 2673 1282 λήῑιουσα

385 1301 537 1386 ’τῆς
604 1299 859 1385 γενικῆς
924 1292 1678 1384 περιττοσυλλαβούσης.
1797 1297 1974 1363 Haec
2046 1297 2307 1381 regulae
2383 1296 2670 1379 exceptio

421 1401 788 1467 Aristarcho
843 1399 1226 1482 probabilior
1292 1400 1428 1466 visa
1484 1419 1675 1483 quam
1729 1398 2128 1480 AtticismuS,
2195 1400 2374 1465 cuius
2425 1399 2674 1465 nullum

421 1505 487 1570 in
509 1504 617 1570 illo
641 1504 892 1569 nomine
915 1503 1200 1585 quamvis
1225 1502 1543 1585 frequenti
1562 1503 1899 1585 vestigium
1922 1507 2189 1585 apparet
2212 1502 2295 1588 [v.
2320 1502 2490 1571 Diss.
2510 1500 2672 1569 VIII

422 1627 554 1691 cap.
579 1608 636 1673 V
660 1608 713 1692 ἕ.
743 1607 853 1692 1.];
897 1626 1046 1672 113111
1068 1608 1461 1673 accusativus
1486 1603 1644 1694 ἥρω,
1689 1624 1879 1689 quem
1910 1604 2313 1672 Thierschius
2357 1624 2670 1675 commen-

421 1712 612 1793 davit,
657 1716 951 1793 receptus
995 1730 1119 1777 non
1165 1716 1280 1787 est.
1330 1749 1400 1759 -
1454 1710 1685 1777 Dativo
1729 1709 1822 1774 illi
1868 1710 2174 1775 acceth
2217 1728 2412 1777 casus.
2447 1708 2669 1775 duales
2741 1792 2770 1800 x

420 1816 802 1897 pronominis
846 1806 1214 1896 personalis,
1259 1813 1404 1879 EM
1429 1811 1574 1878 609.
1600 1812 1682 1877 45
1730 1813 1805 1880 τὸ
1853 1810 1942 1878 ιώ
1989 1813 2099 1880 καὶ
2146 1813 2301 1904 σφώ
2350 1812 2466 1880 σὺν
2513 1815 2658 1899 τῶ

421 1915 761 2004 γράφουσί
806 1941 976 1995 τινες
1021 1917 1187 1983 κατὰ
1237 1913 1626 2000 συναιᾛρεσιν
1677 1911 1817 1980 ἀλλ’
1865 1913 1907 2004 ἡ
1945 1913 2323 2001 παράδοσις
2368 1942 2489 1981 ουκ
2535 1914 2666 1998 ἔχει

421 2019 497 2085 τὸ
545 2024 584 2099 ἶ,
621 2021 918 2086 1111111111111
962 2021 1112 2102 (11113
1153 2021 1221 2085 1(1
1266 2039 1304 2085 3
1347 2038 1611 2085 numero
1659 2019 1831 2084 duali
1876 2020 2126 2085 omnino
2172 2020 2487 2087 abhorret
2545 2019 2668 2084 Ac-

422 2129 642 2190 centus
688 2128 901 2190 autem
946 2134 1203 2189 causam
1245 2123 1456 2188 reddit
1489 2122 1890 2188 Herodianus
1936 2123 2018 2188 ad
2046 2122 2105 2187 V
2148 2121 2351 2188 219‘
2323 2119 2425 2188 σ’τι
2474 2147 2553 2188 οι
2531 2117 2674 2190 ’ὁὲν

423 2227 642 2294 ὁυὶκὸν
708 2253 805 2306 εις
874 2264 917 2297 ω
988 2228 1186 2314 λῆγον
1255 2229 1692 2311 περισπᾶται.
1799 2225 1864 2290 15
1918 2226 2113 2308 igitur
2167 2227 2258 2291 Sic
2320 2230 2394 2291 ut
2445 2226 2670 2292 Joann.

421 2331 564 2397 Acc.
611 2330 705 2397 23-
762 2332 1086 2415 synaeresi
1128 2331 1576 2414 patrocinatur,
1643 2331 2178 2414 contrariumque,
2236 2329 2406 2412 quod
2444 2330 2512 2394 ei
2553 2329 2666 2395 tri-

419 2434 637 2502 buitur
683 2434 870 2501 schol.
919 2435 1000 2502 ad
1045 2433 1237 2501 1574
1282 2434 1356 2501 τὸ
1405 2430 1558 2521 σφώ
1607 2429 2044 2520 πρωτόθετόν
2092 2457 2295 2523 φησιν
2330 2429 2665 2522 ‘prdta-

421 2538 534 2615 νὸς
579 2533 693 2604 οὒκ
736 2535 878 2605 ’ἀπὸ
935 2542 1052 2626 τῆς
1110 2542 1315 2627 σφῶϊ,
1384 2537 1689 2602 Lehrsius
1732 2538 1855 2603 hu'c
1900 2537 2154 2604 direxit:
2204 2532 2293 2602 οὗ
2337 2560 2560 2632 πρωϊ..
2592 2557 2663 2621 φ.

414 2635 849 2723 (Ηρωδιανός
897 2641 1174 2710 ὁυῖκόν
1221 2636 1360 2722 ἀπὸ
1410 2644 1524 2726 τῆς
1570 2642 1783 2727 σφῶϊ,
1829 2660 1956 2723 qua
2001 2640 2381 2707 correctione
2425 2639 2668 2704 tollitur

421 2743 795 2811 Buttmanni
850 2744 1162 2811 dubitatio
1217 2743 1413 2809 Lexil.
1459 2742 1492 2805 I
1537 2740 1638 2808 49.
1753 2742 2093 2825 Apocopen
2160 2745 2302 2809 aliis
2367 2743 2667 2825 placitam

419 2849 627 2914 reiicit
669 2850 1036 2933 Apollonius
1083 2846 1254 2929 Gonj.
1285 2844 1430 2912 491.
1475 2845 1532 2911 9.
1600 2846 1924 2928 Bisyllaba
1967 2848 2321 2928 antiquiora
2361 2863 2507 2911 esse
2550 2845 2670 2937 hoc

422 2949 670 3017 facilius
714 2953 1153 3035 persuadetur,
1199 2948 1369 3034 quod
1410 2949 1542 3037 iota
1584 2954 1852 3030 perstat
1873 2950 1940 3014 in
1985 2950 2286 3015 derivatis
2332 2945 2663 3034 νωΐτερος,

424 3050 831 3142 σφῳΐτερσς,
891 3056 1004 3121 sed
1070 3054 1374 3120 miramur
1439 3057 1654 3118 tamen
1719 3048 2120 3119 insolentiam
2184 3051 2686 3119 terminationis.-

426 3153 510 3239 [v.
556 3154 824 3222 Dissert.
869 3158 1029 3223 VIII
1073 3176 1204 3239 cap.
1250 3156 1282 3221 I
1327 3156 1380 3240 ἓ.
1426 3154 1515 3239 2.]
2639 3207 2644 3214 ,

601 3257 699 3325 De
744 3260 1182 3344 dissographia
1223 3257 1559 3323 verborum
1614 3278 1776 3341 quae
1829 3259 1949 3324 dici
1993 3265 2285 3341 possunt,
2352 3271 2666 3341 gramma-'-

292 3371 331 3380 ’·
424 3363 566 3428 ticis
612 3370 867 3446 accepta
908 3364 1270 3431 referimus:
1317 3360 1391 3427 τὸ
1441 3360 1654 3450 σῴζω,
1702 3358 1938 3450 πλῴζω
1986 3362 2104 3429 σὺν
2146 3366 2239 3451 τῷ
2267 3361 2328 3437 ,ἶ
2360 3359 2666 3449 εὕρηνται

422 3465 543 3554 γὰρ
590 3462 658 3531 ἐν
695 3469 1030 3555 ,διαιρέσει
1076 3460 1534 3554 τρισυλλάβως
1579 3465 1852 3549 Theogn.
1883 3465 2021 3532 142.
2059 3465 2159 3531 23.
2204 3461 2405 3554 Σῴζω
2450 3469 2520 3531 et
2565 3484 2667 3531 ce-

421 3570 545 3633 teri
582 3570 890 3650 temporis
935 3570 1288 3652 praesentis
1344 3568 1514 3633 modi
1571 3569 1867 3651 leguntur
1929 3588 2053 3634 non
2106 3587 2251 3634 raro
2269 3619 2284 3650 ,
2352 3573 2419 3633 et
2474 3587 2669 3655 saepe

423 3671 623 3737 critici
665 3673 866 3737 nostri
908 3673 1160 3738 literam
1202 3670 1532 3753 fugitivam
1589 3691 1624 3736 e
1670 3673 1984 3738 codicibus
2028 3675 2403 3737 revocarunt
2445 3690 2668 3755 quam-

421 3776 517 3841 vis
564 3776 926 3844 damnatam
962 3775 1248 3858 Didymo,
1295 3775 1396 3839 cui
1438 3775 1837 3858 trisyllabum
1882 3772 2099 3857 σωῖζω
2141 3775 2426 3857 ignotum
2470 3773 2670 3843 fuisse

423 3884 717 3960 apparet3
760 3897 967 3961 neque
1010 3877 1192 3943 nobis
1239 3880 1526 3960 occurrit,
1574 3879 1688 3945 sed
1732 3879 2020 3945 convenit
2051 3896 2205 3944 sane
2227 3879 2670 3960 glossematico

425 3976 745 4064 ἆπεσόὶζε
788 3982 1083 4065 Hesych.
1115 3982 1451 4064 aptiusque
1518 3982 1769 4048 videtur
1834 3986 2043 4064 etymo
2110 3976 2201 4046 σαί
2211 4006 2262 4046 ω
2328 3987 2401 4047 ut
2457 3979 2667 4049 πλῶω

425 4082 727 4166 πλωΐζω,
803 4086 980 4150 cuius
1035 4085 1395 4150 terminatio
1453 4084 1831 4167 paragogica
1875 4087 1974 4150 est
2017 4104 2125 4163 cm.
2236 4081 2486 4172 Πλῴζω
2543 4104 2668 4151 11011

422 4187 757 4270 reperitur,
804 4188 918 4254 sed
961 4193 1192 4254 testem
1234 4188 1431 4254 habet
1472 4186 1617 4253 ΕΜ.
1664 4184 1808 4251 677.
1855 4182 1937 4254 ’25
1993 4184 2201 4266 πλόος
2245 4184 2498 4270 πλοΐζω
2557 4189 2666 4255 καὶ

424 4291 593 4358 κατὰ
640 4289 900 4362 ἔκτασιν
946 4290 1209 4373 πλωῖζω
1257 4317 1362 4358 και
1391 4290 1556 4358 κατὰ
1583 4288 1955 4379 συναίρεσιν
1982 4288 2224 4380 πλῳζῐσ
2247 4284 2340 4369 ὡς
2365 4289 2666 4380 (χροῖζω)
