2946 4928
662 308 775 374 DE
818 308 1615 378 PROSGHEMATISMO.
1669 310 1737 377 P.
1761 311 1877 377 III.
1925 310 1991 378 C.
2016 312 2098 378 II.
2146 313 2200 398 ἕ.
2226 312 2282 378 ’7.
2458 311 2585 379 263

346 474 415 539 Τ.
463 473 563 540 III
601 471 728 538 567
796 474 908 558 (Τ.
950 473 1050 539 ῙΠ
1103 473 1246 541 321.
1300 474 1564 558 BoiSS.),
1633 474 1927 557 δέσματα
1993 465 2429 543 ἕπεκτὲταται
2499 470 2590 555 ὥς
2696 529 2701 534 -

344 577 422 643 τὸ
470 574 803 663 ὀνείρατα,
823 573 1262 662 ’προσώπατα
1310 579 1500 645 schol.
1546 578 1719 645 Od.I
1749 576 1894 659 204,
1943 579 2239 661 δέσματα
2284 574 2421 645 ἀπὸ
2469 585 2588 647 τοῦ

343 682 595 759 δεσμοῦ
640 677 941 763 (δεσμόν)
988 676 1124 745 κατ’
1176 680 1523 747 ἔπε’κτασιν
1567 681 1726 747 VIII
1770 682 1927 762 278,
1983 702 2250 765 quorum
2292 683 2589 748 universa

341 784 524 865 copia
568 783 855 864 exposita
900 788 1000 847 est
1040 784 1106 847 in
1150 783 1379 848 Parall.
1409 782 1548 848 176.
1578 821 1649 831 —-
1699 788 1777 849 A
1796 777 1925 852 ὅτε
1968 790 2197 877 poetae
2241 786 2401 867 epici
2441 803 2587 867 pro·

342 886 660 951 duxerunt
702 880 783 951 ab
832 877 934 965 αὖ,
982 904 1020 949 a
1061 904 1189 968 quo
1232 886 1389 951 nihil
1412 886 1747 969 discrepat,
1792 889 1914 954 nisi
1947 888 2114 971 quod
2134 886 2588 969 significatione
2667 949 2673 953 .

319 988 528 1072 ,locali
573 999 739 1052 retro
787 993 977 1068 caret,
1025 989 1139 1053 sed
1183 989 1352 1054 idem
1396 988 1627 1054 dicitur
1673 982 1861 1069 αὖτις
1904 997 1970 1056 et
2018 983 2250 1081 αὖθις,
2321 1009 2588 1072 quorum
2650 1059 2675 1066 ,

337 1091 630 1172 analogia
649 1109 775 1156 non
803 1091 1159 1157 ostenditur
1182 1088 1405 1174 [p.163
1421 1090 1560 1174 sq.).
1582 1087 1856 1163 -Ἠῧτε
1883 1094 2132 1159 etiamsi
2154 1112 2189 1159 e
2213 1092 2425 1159 dativo
2447 1083 2493 1182 ᾗ
2517 1099 2586 1160 et

334 1195 650 1277 particula
662 1194 973 1276 expletiva
985 1193 1399 1276 compositum
1410 1212 1553 1259 esse
1567 1196 1947 1277 conceditur,
1961 1202 2175 1262 tamen
2189 1196 2586 1277 corruptione

336 1297 507 1362 vocis
550 1296 889 1378 primariae
934 1316 973 1361 a
1014 1297 1578 1379 proschematismo
1622 1298 1993 1379 excluditur,
2050 1320 2107 1365 v.
2152 1299 2333 1364 Path.
2378 1299 2411 1364 I
2455 1296 2580 1363 477

334 1398 434 1483 [et
475 1398 541 1463 II
584 1396 668 1464 42
714 1399 852 1483 sq.].
914 1436 985 1446 ——
1068 1396 1605 1484 Μεγαλωστί
1651 1404 1718 1465 et
1783 1389 2013 1467 similia
2077 1403 2396 1484 prosthesi
2463 1404 2583 1468 τοῦ

332 1503 389 1572 ἱῐ
434 1505 619 1568 aucta
659 1519 803 1588 esse
846 1501 1214 1583 Apollonius
1261 1499 1553 1583 affirmat,
1600 1503 1769 1583 quod
1812 1504 1967 1569 mihi
2012 1522 2194 1570 secus
2218 1505 2419 1571 videri
2440 1523 2584 1587 pro·-

330 1604 544 1670 fessus
591 1623 750 1698 sums
775 1605 841 1668 in
885 1603 1127 1669 Pathol.
1174 1604 1206 1668 I
1252 1602 1379 1669 630
1423 1623 1516 1686 sq.
1542 1604 1620 1687 *).
1647 1641 1732 1652 —-
1757 1604 2086 1672 Consonae
2129 1599 2408 1691 liquidae
2443 1625 2585 1689 spe-

331 1708 543 1774 cimen
610 1714 711 1772 est
777 1701 989 1793 τύνη,
1057 1707 1222 1787 quod
1288 1706 1431 1774 EM.
1480 1706 1624 1774 314.
1670 1707 1752 1774 47
1819 1708 1900 1775 ab
1967 1706 2176 1799 ε’γώνη
2246 1711 2588 1777 discretum

298 1803 556 1889 ,habet3
583 1811 719 1876 hoc
762 1810 926 1875 enim
974 1809 1053 1874 ab
1100 1813 1286 1874 aucto
1331 1805 1496 1894 ἐγών
1538 1810 1894 1892 profectum
1938 1832 2113 1895 esse,
2154 1814 2312 1879 illud
2355 1832 2504 1879 vero
2548 1834 2587 1879 a

329 1931 460 1978 non
505 1918 688 1978 aucto
733 1909 807 1978 τύ
856 1911 1192 1978 accedente
1238 1900 1481 1994 syllaba
1525 1915 1835 1996 simulque
1879 1918 2188 1998 producta
2209 1918 2428 1997 vocali,
2455 1904 2584 1982 ’ἵνα

326 2014 425 2102 μὴ
471 2010 511 2103 ἡ
559 2014 913 2094 ἔπέκτασις
955 2014 1199 2099 μείζων
1227 2020 1356 2108 ,τῆς
1403 2013 1563 2106 ὅλης
1585 2018 1817 2098 λέξεως
1838 2019 2116 2108 γένηται.
2179 2022 2352 2087 Τοῦν
2374 2017 2588 2108 tamen
2676 2082 2684 2089 .

331 2124 403 2184 et
447 2120 644 2208 τούνη
688 2118 919 2185 Dorica
963 2119 1275 2185 dicuntur.

1256 2391 1456 2460 cAP.
1532 2394 1668 2461 111.

721 2571 837 2646 De
891 2571 1300 2667 augmentis
1350 2571 1724 2645 verboru-m
1777 2571 2181 2672 syllabicis.

503 2757 550 2841 fi
592 2755 643 2821 1.
734 2754 1102 2838 Apollonius
1126 2753 1298 2822 Coni.
1323 2754 1469 2822 516.
1493 2755 1535 2822 8
1560 2752 1826 2847 ἑκάστη,
1849 2759 2088 2840 inquit,·
2120 2760 2251 2824 τῶν
2278 2750 2581 2842 παραγο·

325 2859 548 2943 μένων
593 2857 826 2937 λέξεων
873 2853 1134 2945 δεκτική
1183 2856 1362 2925 ἔστιν
1418 2855 1596 2937 ἰδίας
1641 2863 1990 2946 συλλαβῆς,
2037 2855 2127 2939 ὥς
2171 2866 2302 2926 τῶν
2346 2857 2585 2946 τρίτων

329 2951 470 3030 ἐστὶ
495 2959 1007 3053 τὸῖφτλέγῃσι,
1058 2959 1622 3049 παμφαίνῃσι,
1674 2966 1802 3029 τῶν
1827 2964 2145 3048 δευτέρων
2167 2961 2242 3029 τὸ
2287 2964 2400 3033 ’ἑᾶτ
2440 2963 2576 3030 λέ-

331 3069 633 3153 γῃσθα,
679 3063 1082 3153 φέρῃσθα,
1127 3065 1239 3132 καὶ
1285 3064 1402 3133 ἐπὶ
1436 3071 1565 3131 τῶν
1597 3062 1882 3151 πρώτων
1925 3065 2000 3130 τὸ
2045 3070 2138 3153 ᾗῖε
2187 3064 2581 3148 ἐθέλωμι,

330 3168 427 3256 ἐῷ
438 3195 483 3252 μ
501 3194 545 3234 ι.
628 3165 955 3250 Ἐθέλωμι
1004 3167 1413 3235 Aristarchus
1482 3169 1735 3250 scripsit
1778 3169 1851 3234 Il.
1896 3168 2007 3233 IX.
2054 3167 2179 3234 397
2238 3188 2354 3251 pro
2423 3167 2580 3235 ἐθέ-

336 3273 520 3354 λοιμι
537 3320 554 3350 ,
623 3275 692 3336 et
731 3271 850 3336 hoc
892 3271 1254 3354 similesque
1300 3272 1680 3338 subiunctivi
1723 3288 1888 3337 nunc
1954 3270 2190 3352 ubique
2256 3270 2585 3336 substituti

332 3379 484 3440 sunt
524 3393 641 3457 pro
685 3374 1002 3456 optativis*
1029 3370 1352 3460 ἆγάγῳμι,
1399 3371 1625 3461 ῗδῳμι,
1669 3372 1890 3461 ῗκῳμι,
1938 3371 2262 3458 κτείνῳμι,
2308 3369 2581 3460 τὺχῳμι,

329 3479 441 3562 qui
484 3497 608 3543 non
653 3478 856 3543 solum
900 3477 1041 3543 edd.
1085 3483 1353 3557 vetereS‚
1403 3478 1517 3543 sed
1562 3477 1757 3543 etiam
1788 3476 2120 3560 nonnullos
2145 3475 2426 3541 codicum
2471 3475 2580 3541 ob-

330 3581 544 3647 sident
606 3580 683 3645 11.
727 3580 853 3646 VII
918 3577 1043 3644 243
1059 3630 1073 3659 ,
1141 3578 1360 3645 XVIII
1426 3577 1508 3644 63
1579 3584 1644 3645 et
1708 3577 2133 3645 defenduntur
2202 3567 2298 3643 ab'
2347 3578 2578 3643 Eusta-

329 3683 464 3748 thio
513 3682 694 3748 1279.
740 3680 823 3747 49
870 3682 943 3747 τὸ
991 3678 1194 3769 ῗδῳμι
1240 3680 1311 3749 ἐκ
1358 3685 1469 3748 τοῦ
1528 3679 1744 3765 ἴδοιμι
1791 3680 2122 3756 ἐκζέιαται
2183 3677 2270 3760 ὥς
2328 3680 2435 3747 καὶ
2502 3679 2578 3746 τὸ
2654 3688 2658 3693 ’

273 3791 282 3797 ’
335 3785 581 3872 τύχῳμι
631 3785 701 3852 ἐκ
736 3791 879 3861 ,τοῦ
907 3838 922 3844 ,
945 3782 1226 3868 τύχοιμι.
1340 3784 1466 3849 Sed
1531 3784 1691 3851 haec
1755 3784 1986 3850 ectasis
2054 3784 2584 3849 circumscribitur

328 3890 541 3956 verbis
585 3888 763 3971 puris
808 3886 984 3976 δῴην
1028 3893 1165 3968 etc„
1209 3872 1720 3968 recteque‘schol.
1765 3888 1849 3953 ad
1871 3887 1928 3953 V
1952 3886 2079 3952 279
2102 3885 2353 3969 τύχωμι
2384 3924 2454 3934 --
2514 3885 2582 3952 ἐν

254 4020 259 4025 ·
334 3995 739 4079 πλεονασμῷ
783 3987 921 4058 ἐστι
970 3991 1044 4055 τὸ
1091 3994 1181 4077 ἶ..
1272 3990 1530 4069 Eorum,
1575 4007 1739 4071 quae
1767 3988 2134 4071 Apollonius
2179 3988 2434 4072 profert,
2481 3989 2576 4053 ul-

327 4097 555 4163 timum
599 4094 830 4178 legitur
874 4091 991 4158 Od.
1034 4091 1188 4157 XVI
1230 4091 1315 4158 85
1362 4096 1539 4158 κεῖσε
1586 4087 1646 4159 δ’
1695 4086 1775 4157 ὃν
1821 4083 1905 4158 οἰῖ
1964 4116 2080 4175 μιν
2148 4089 2349 4177 ἔγωγε
2415 4087 2581 4178 ἐῷμι

572 4251 849 4260 -α--ψ-

473 4316 532 4379 *)
567 4336 614 4370 v.
647 4317 887 4370 Addend.
923 4316 996 4369 ad
1044 4317 1152 4370 Vol.
1189 4315 1239 4368 Ι.
