2946 4928
362 365 448 433 38
1143 361 1705 431 DISSERATTIO
1750 362 1859 431 Vl.

360 532 637 615 bumque
658 526 1065 597 Homericum
1110 531 1316 619 δῃοῦν
1358 530 1848 612 pronunciamus
1891 528 2022 597 iota
2066 548 2209 597 cum
2253 535 2359 598 eta
2401 532 2622 599 mixto.

365 635 493 701 Sed
535 636 684 702 licet
748 636 941 701 etiam
994 636 1114 701 hoc
1156 634 1476 716 corripere
1542 634 1706 700 sicut
1747 634 2069 701 Hesiodus
2113 653 2343 701 nomen
2387 633 2623 722 Δηΐων

364 739 630 823 protulit
692 737 945 820 Fragm.
1010 736 1216 819 LXX,
1285 737 1402 803 sed
1463 735 1568 802 hic
1630 738 1939 819 producta
2005 737 2248 821 syllaba
2322 739 2621 804 secunda.

364 843 653 925 Utraque
717 842 882 907 ratio
927 842 1218 907 convenit
1276 842 1359 907 ad
1401 845 1647 906 ceteros
1691 839 1879 922 locos,
1946 841 2012 906 in
2056 840 2285 922 quibus
2329 842 2622 908 omnibus

364 945 608 1028 syllaba
650 944 823 1026 prior
866 944 931 1010 in
974 946 1143 1010 thesi
1185 945 1394 1027 posita
1438 948 1540 1009 est
1561 943 1610 1026 ¹)
1656 948 1786 1029 γνῶ
1830 940 1886 1031 ῥ’
1918 939 2165 1032 ἄνδρας
2189 942 2419 1033 δηΐους
2460 945 2535 1011 ΙΙ.
2558 944 2625 1011 Χ

368 1046 513 1128 358,
584 1040 740 1115 ὄῖνευ
786 1046 992 1140 δηΐων
1033 1047 1197 1113 XIII
1238 1045 1395 1127 556,
1465 1041 1732 1112 αὐτάων
1778 1044 2008 1134 ᾅηΐους
2062 1047 2191 1114 XII
2232 1044 2360 1113 264
2405 1054 2472 1115 et
2513 1048 2621 1113 all.

368 1150 734 1217 Sententiae
777 1170 1014 1233 eorum,
1061 1152 1172 1233 qui
1213 1151 1278 1215 in
1323 1149 1422 1214 his
1468 1167 1716 1231 quoque
1759 1149 1892 1215 iota
1933 1169 2048 1232 pro
2093 1169 2365 1227 consona
2406 1152 2623 1218 valere

368 1255 602 1334 volunt,
649 1251 930 1320 officiunt
972 1272 1078 1335 ea,
1147 1272 1311 1336 quae
1375 1253 1443 1318 in
1485 1250 1611 1319 fine
1657 1253 1999 1335 superioris
2044 1255 2267 1336 capitis
2311 1255 2391 1321 de
2435 1254 2620 1337 diph-

368 1358 602 1439 thongo
623 1361 688 1428 E
725 1358 893 1424 dicta
937 1363 1103 1423 sunt.
1134 1396 1204 1404 —
1236 1356 1523 1422 Tertium
1554 1350 1716 1446 ᾐών,
1762 1357 1930 1439 quod
1960 1357 2336 1423 Plutarchus
2378 1358 2444 1422 in
2487 1359 2626 1424 vita

371 1459 634 1526 Homeri
680 1479 728 1526 c.
774 1461 870 1527 XI
933 1480 1050 1544 pro
1095 1459 1434 1543 specimine
1482 1461 1838 1542 synaeresis
1884 1458 2095 1542 affert,
2165 1461 2439 1527 Thomas
2481 1461 2625 1527 iure

366 1563 595 1630 Atticis
618 1566 931 1647 assignat3
955 1564 1273 1631 Homerus
1296 1564 1544 1646 integro
1565 1565 1784 1645 utitur,
1809 1582 1933 1646 quo
1955 1565 2375 1648 Apollodorus
2399 1564 2432 1630 1
2452 1562 2510 1631 9.
2534 1564 2613 1632 21

368 1671 435 1732 et
476 1667 759 1733 nonnulli
804 1667 1088 1734 eiusdem
1150 1667 1388 1734 ordinis
1431 1665 1832 1747 relabuntur,
1899 1687 1957 1733 v.
2003 1667 2280 1749 Wagner
2324 1667 2408 1734 ad
2450 1668 2617 1733 Alci-

366 1770 587 1854 phron.
630 1769 665 1836 1
705 1771 823 1854 Ep.
873 1770 929 1837 1.
1021 1768 1320 1838 Ceterum
1385 1770 1724 1854 etymologi
1788 1771 1908 1837 hoc
1963 1786 2192 1837 nomen
2261 1772 2342 1838 ab
2399 1772 2622 1839 eodem

368 1875 562 1942 verbo
633 1875 824 1941 eundi
888 1879 1214 1958 repetunt,
1280 1873 1450 1938 unde
1514 1873 1675 1939 illud
1737 1874 1984 1956 plurale
2040 1880 2291 1940 tantum
2341 1869 2462 1964 ἤϊα
2476 1925 2494 1958 ,
2564 1896 2621 1942 v.

368 1978 634 2045 Elemm.
649 1977 682 2043 1
703 1974 785 2042 65
801 1976 897 2062 [et
919 1977 1130 2062 71].--
1148 1975 1316 2042 Huic
1334 1976 1723 2041 simillimum
1748 1973 1948 2063 λήϊον,
1964 1977 2133 2060 quod
2158 1978 2352 2061 aliqui
2376 1979 2457 2044 ad
2472 1976 2622 2045 λεία

368 2080 683 2161 referunt,
750 2098 1072 2162 nunquam
1116 2080 1512 2162 componitur
1553 2074 1812 2163 praeter
1852 2080 2151 2146 Doricum
2197 2084 2392 2172 λᾷον,
2426 2082 2619 2147 λατο-

368 2189 536 2269 μεῒν.
585 2222 657 2232 -
721 2183 1271 2249 ‘substantivorum
1313 2182 1404 2248 'in
1446 2186 1551 2268 715?
1595 2185 1962 2250 exeuntium
2012 2202 2208 2249 unum
2275 2186 2624 2267 antiquitus

373 2292 700 2356 enotatum
743 2292 844 2353 est
883 2286 1089 2370 Epim.
1124 2286 1169 2352 Ἰ
1211 2285 1338 2354 229
1384 2285 1571 2370 παρὰ
1617 2285 1695 2353 τὸ
1741 2285 1937 2354 κλείω
1981 2285 2159 2366 κλείς
2202 2285 2310 2355 καὶ
2357 2286 2427 2355 ἐν
2472 2290 2625 2373 διατ

372 2390 556 2460 λύσει
600 2389 778 2470 κλεΐς
822 2390 930 2457 καὶ
971 2387 1340 2479 ἐπαυξήσει
1386 2388 1591 2481 κληῒς,
1640 2387 1814 2479 ὅπερ
1861 2387 2309 2479 σεσημείωται
2341 2386 2626 2460 ἐκτεῖνσν

371 2496 449 2564 τὸ
495 2499 560 2569 ἶ
659 2495 762 2562 Τὰ
806 2494 929 2582 γὰρ
974 2491 1065 2573 εἷς
1114 2494 1178 2573 ἶς’
1221 2488 1486 2584 θηλυκὰ
1558 2493 1670 2563 ὅτε
1714 2491 2225 2583 καθαριεύσυσι,
2282 2495 2628 2563 συστέλλει

376 2598 570 2668 αὐτὸς
616 2596 926 2688 Βρισηῒς,
969 2597 1304 2686 Χρυσηῒς,
1356 2597 1530 2688 Νηΐς
1575 2606 1645 2676 (a
1687 2599 1815 2667 νέω
1860 2596 2195 2688 νήχομαι),
2245 2599 2474 2682 quibus
2518 2618 2622 2667 ac-

374 2704 608 2772 cedunt
671 2700 819 2790 ληΐς
886 2701 1132 2784 epicum
1184 2705 1257 2766 et
1310 2700 1457 2789 δηΐς
1511 2703 1937 2770 thematicum.
2068 2702 2380 2769 Praesens
2442 2702 2625 2792 κλῄω

372 2809 656 2876 Ionicum
700 2810 816 2887 est,
862 2805 1074 2872 Attica
1116 2823 1306 2886 verm·
1344 2822 1514 2888 quae
1555 2805 1819 2872 P-hotius
1863 2803 2065 2886 affert,
2111 2809 2348 2895 κλῇσαι
2393 2803 2461 2874 οἱ
2507 2806 2623 2893 ἄρ.
2757 2816 2770 2821 ·

374 2916 558 2995 χαῖσι
604 2910 871 2995 λέγουσι
915 2907 1027 2974 καὶ
1073 2910 1307 2997 κλῇδα·
1354 2905 1570 2987 οὕτως
1616 2905 1679 2975 οἳ
1724 2907 2028 2995 τραγικοὶ
2063 2907 2630 2998 καὶ-Θουκυδίδης

377 3020 445 3081 et
488 3018 700 3081 cetera
739 3012 929 3078 huius
974 3012 1222 3094 amplae
1269 3013 1642 3095 prosapiae‚·
1675 3013 1758 3078 de
1803 3012 2030 3095 quibus
2075 3012 2366 3078 omnibus
2409 3013 2626 3097 exqui-

378 3119 500 3185 site
568 3123 634 3183 et
700 3116 1101 3182 abundantur
1157 3115 1505 3198 disputavit
1545 3114 1903 3181 Ellendtius
1955 3115 2021 3180 in
2063 3115 2294 3182 Lexico
2339 3114 2626 3208 Sophocl.

380 3221 448 3287 T.
493 3221 526 3287 1
567 3218 713 3287 965.
803 3216 987 3307 Ληΐς
1030 3218 1099 3284 id
1152 3223 1254 3284 est
1311 3216 1459 3284 λεία
1504 3219 1873 3285 mutationis
1919 3236 2177 3301 expers;
2238 3218 2351 3284 sed
2394 3224 2623 3302 poetae

378 3326 757 3396 contrahunt
797 3323 976 3390 verbi
1018 3319 1164 3388 hinc
1206 3321 1378 3389 ducti
1430 3319 1667 3387 formas
1681 3371 1696 3402 ,
1762 3318 2046 3413 ἐλῄσατο
2089 3321 2361 3402 Anthol.,
2429 3324 2626 3411 λελῃ-

380 3431 585 3517 σμένη
609 3429 846 3510 Eurip.‚
893 3431 1101 3494 sermo
1136 3430 1351 3492 autem
1373 3426 1617 3491 solutus
1643 3421 1886 3515 λῃστής
1907 3429 1975 3490 et
1993 3426 2111 3491 hoc
2131 3426 2223 3490 ita
2245 3429 2627 3507 constanter,

379 3540 455 3600 ut
497 3534 701 3599 altera
743 3530 946 3597 forma
986 3530 1262 3595 librariis
1305 3528 1643 3596 tribuatur.
1730 3527 1859 3594 Eta
1901 3543 2026 3593 non
2060 3527 2465 3610 primitivum,
2508 3525 2630 3594 'sed

383 3657 462 3704 ex
507 3635 706 3719 epsilo
751 3651 1119 3700 conversum
1164 3650 1311 3698 esse
1346 3649 1478 3697 non
1523 3632 1726 3700 solum
1769 3643 2154 3715 synonymon
2196 3630 2353 3697 illud
2382 3630 2630 3713 probat„

383 3740 553 3824 quod
594 3758 710 3822 pro
754 3742 962 3820 etymo
1005 3737 1293 3817 habetur,
1341 3733 1473 3801 sed?
1502 3731 1694 3801 etiam
1737 3733 2138 3819 participium
2179 3732 2374 3815 verbi,
2443 3735 2630 3820 δῶρα

385 3842 724 3931 λεϊζομένη
769 3840 1040 3922 Anthol„
1087 3847 1153 3907 et
1206 3829 1584 3908 adiectin
1627 3839 1774 3906 hinc
1819 3838 2223 3918 declinatum,
2293 3837 2469 3903 cuius
2514 3838 2630 3903 du-

381 3946 528 4030 plex
594 3943 797 4019 forma
859 3946 1030 4011 intra
1093 3950 1227 4011 tres
1288 3953 1515 4011 ’versus‘
1569 3942 1829 4009 Homeri
1859 3941 2132 4020 'ocurrit‚
2198 3958 2325 4005 una
2370 3941 2633 4007 ineunte

381 4065 571 4116 versu
629 4046 885 4137 ληϊστοὶ
935 4046 1056 4131 μὲν
1100 4044 1227 4137 γάρ
1291 4067 1363 4113 τε
1427 4045 1502 4110 Il.
1546 4038 1641 4111 IX
1681 4044 1829 4127 5406,
1875 4044 2077 4111 altera
2142 4047 2409 4108 exeunte
2478 4037 2633 4111 οὔτε

470 4259 477 4264 ἡ
527 4289 580 4356 1)
616 4290 758 4342 Nihil
795 4294 978 4343 contra
1012 4253 1157 4343 {alet
1192 4288 1349 4359 δηΐου
1387 4275 1449 4343 ἑᾶέ
1485 4273 1753 4368 πδολέμοὶο
1773 4277 1831 4339 in
1867 4287 2035 4354 primo
2060 4302 2245 4339 versus
2282 4283 2414 4355 pede
2451 4291 2636 4354 quater

387 4380 683 4445 repetitum.
768 4411 776 4420 ·
1599 4381 1605 4388 '
2011 4372 2024 4384 ’
2291 4377 2300 4384 ’
