2946 4928
396 314 525 384 248
593 375 600 384 .
1163 310 1722 382 DlssERTATIO
1785 310 1927 378 VII.

396 480 515 547 hoc
558 480 638 546 ab
683 499 807 545 usu
848 480 1173 562 repulsum
1217 497 1334 545 nec
1376 479 1585 544 minus
1628 477 1948 548 insolitum
1992 480 2093 542 est
2134 491 2325 557 quam
2345 473 2642 540 Latinum

404 583 551 665 sole,
596 584 662 648 in
683 583 852 649 vices
898 581 1208 647 subeunte
1254 580 1581 660 adjectivo,
1610 573 1769 662 οἶος,
1815 592 1882 643 tu
1917 600 2040 665 per
2083 591 2140 643 te
2181 578 2389 665 {psum
2423 600 2642 664 coquo-

396 708 530 751 sccc
569 685 705 748 sinc
747 685 876 749 ullo
920 684 1287 769 cuiusquam
1328 681 1595 765 indicio,
1663 703 1789 749 uno
1831 681 2024 747 verbo
2083 681 2149 748 ἐκ
2198 682 2464 749 σαυτοῦ.
2538 679 2644 745 Sic

400 793 612 855 autem
658 787 941 854 adverbii
988 783 1217 853 οἰόθεν
1264 787 1359 851 vis
1382 786 1602 852 localis
1624 805 1749 852 non
1770 805 2030 868 prorsus
2053 785 2369 852 oblitescit
2391 784 2642 849 eadem—

398 911 521 977 que
567 891 980 957 adumbratur
1045 890 1168 955 alio
1226 887 1510 954 eiusdem
1564 889 1711 954 libri
1755 890 1891 955 loco
1946 910 2001 955 v,
2048 888 2131 954 39
2182 885 2434 974 Ἕκτωρ
2507 884 2645 951 τινὰ

395 998 680 1061 Δαναῶν
746 994 1266 1081 προκαλέσσεται
1345 979 1574 1059 οἰόθεν
1649 984 1790 1071 οἶος
1855 987 2153 1080 ἀντιβίην
2219 992 2645 1071 μαχέσασθαι

400 1098 519 1165 hoc
561 1102 662 1163 est
704 1110 849 1160 ante
894 1097 1091 1160 aciem
1121 1115 1514 1181 progressus
1557 1095 1866 1179 sociisque
1895 1107 2053 1180 post
2095 1116 2160 1157 cc
2203 1093 2463 1174 relictis,
2511 1092 2644 1157 sive

397 1207 472 1267 ut
511 1201 767 1267 brevius
811 1199 1103 1265 reddam:
1149 1197 1323 1260 solus
1366 1218 1446 1259 ecc
1489 1197 1625 1260 εοίο.
1669 1197 1822 1261 Ζοοο.
1916 1198 2035 1263 Hic
2075 1197 2220 1262 libri
2262 1197 2465 1261 nostri
2497 1214 2644 1261 con-

400 1322 591 1370 sensu
635 1302 933 1369 exhibent
976 1300 1447 1378 nominativum,
1496 1301 1610 1365 sed
1653 1300 1878 1382 fuisse,
1935 1301 2044 1383 qui
2086 1305 2382 1382 quartum
2426 1317 2646 1365 casum

397 1405 809 1489 praeferrent,
855 1404 1132 1471 ostendit
1157 1404 1752 1486 glossographorum
1783 1404 2223 1487 interpretatio
2243 1399 2450 1487 μόνος
2476 1402 2646 1485 πρὸς

398 1508 602 1594 μόνον
631 1508 1013 1595 provocabit
1057 1505 1450 1571 Achaeorum
1497 1507 1784 1591 aliquem,
1831 1519 1900 1571 ut
1921 1495 2125 1571 secum
2155 1517 2399 1592 pugnet
2433 1506 2645 1586 solua,-

400 1610 633 1680 οἰόθεν
679 1612 1041 1693 ambiguum
1086 1614 1203 1689 est,
1249 1614 1461 1675 utrum
1508 1611 1590 1675 ad
1633 1611 2055 1693 μαχέσασθαι
2103 1609 2293 1676 referi
2335 1613 2647 1690 oporteat,

400 1736 498 1798 an,
557 1717 726 1799 quod
768 1708 1155 1797 probabilius
1211 1712 1490 1793 videtur,
1539 1714 1621 1778 ad
1666 1715 2187 1801 προκαλέσσεται
2207 1764 2224 1793 ,
2293 1713 2406 1777 sed
2471 1718 2647 1778 certe

401 1818 789 1901 significatur
854 1814 928 1897 ἐξ
971 1812 1153 1895 οἴου,
1219 1833 1334 1897 pro
1399 1833 1524 1896 quo
1576 1816 1811 1881 Aratus
1866 1817 2023 1882 illud
2078 1817 2235 1882 dixit
2277 1837 2334 1882 v.
2366 1815 2461 1881 -55
2529 1811 2648 1883 οῧκ

335 1941 339 1952 ·
400 1918 636 1989 οἰόθεν
682 1914 825 1986 οὔδ’
875 1911 1012 1997 οἶος
1057 1913 1512 1999 ἐπιλάμπεται
1559 1913 1769 2005 ἀστήρ
1814 1918 1933 1984 hoc
1977 1923 2077 1983 est
2122 1942 2153 1981 e
2197 1920 2448 2005 regione
2469 1919 2648 2003 caeli,

399 2023 513 2087 ubi
547 2023 759 2086 nullae
803 2020 969 2084 aliae
1013 2019 1226 2082 stellae
1271 2032 1610 2104 apparent,
1664 2021 1765 2085 vel
1807 2027 1879 2085 ut
1924 2022 2115 2088 schol.
2184 2020 2304 2090 οὐκ
2372 2024 2448 2105 ἐξ
2499 2023 2651 2105 ἑνὸς

397 2126 652 2211 μέρους.
720 2122 1193 2189 Nominativum
1236 2125 1453 2200 tuetur
1475 2123 1735 2188 Homeri
1759 2123 2044 2192 imitator
2063 2126 2433 2209 Apollonius
2456 2106 2521 2194 1'1
2545 2130 2649 2210 28,

415 2227 523 2294 ubi
568 2228 647 2293 de
690 2226 870 2292 leone
913 2226 1209 2308 loquitur,
1255 2226 1364 2307 qui
1407 2226 1748 2294 multorum
1791 2228 1936 2293 telis
1979 2229 2218 2311 petitus
2263 2251 2460 2297 unum
2502 2252 2646 2315 pro-

399 2336 645 2415 spectat
688 2349 851 2411 eum,
897 2349 935 2395 a
980 2348 1103 2412 quo
1145 2329 1372 2395 vulnus
1407 2330 1677 2412 accepit:
1723 2327 1859 2396 ’τῶν
1901 2331 2022 2415 μὲν
2071 2329 2191 2399 οὐκ
2237 2329 2483 2419 ἀλέγει,
2532 2334 2646 2402 ἐπὶ

399 2431 470 2502 δ”
506 2426 776 2501 ὄσσεται
823 2428 1053 2501 οἰόθεν
1098 2425 1237 2513 οἶος
1282 2425 1492 2521 όῖνόρα
1537 2433 1680 2510 τὸν,
1751 2431 1828 2514 ὅς
1884 2460 1996 2520 μιν
2041 2434 2267 2530 ἔτυψε.
2360 2437 2485 2506 Sed
2529 2437 2648 2506 hoc

402 2557 651 2622 quoque
704 2539 841 2605 loco
898 2536 1233 2604 nonnullos
1277 2538 1703 2603 accusativum
1747 2540 2125 2620 praetulisse
2171 2543 2563 2624 cognoscitur
2608 2562 2645 2607 e

405 2642 639 2708 scholio
680 2637 887 2725 μόνος
932 2632 1247 2727 ὖιῑάρχων
1287 2639 1495 2724 μόνον
1538 2642 1947 2727 προσβλέπει
1994 2645 2107 2709 τόν
2138 2642 2499 2729 τρώσαντα,
2547 2646 2647 2711 cui

405 2746 627 2811 similis
682 2748 782 2810 est
823 2743 1132 2809 Herodoti
1175 2743 1389 2824 dictio,
1441 2744 1498 2808 si
1552 2744 1874 2825 sequimur
1914 2745 2193 2812 Bekkeri
2247 2747 2641 2830 scripturam,

400 2848 431 2913 I
481 2847 602 2914 116
648 2838 806 2914 ἐπεῖ
840 2838 1286 2913 ὑπελέλειπτο
1345 2840 1379 2911 ὁ
1425 2844 1776 2930 βουκόλος,
1821 2852 2060 2931 μοῦνος
2080 2846 2416 2932 μουνόθεν
2442 2844 2643 2917 αὖτὸν

402 2948 613 3033 εἴρετο
655 2943 690 3014 ὁ
732 2944 1095 3037 Ἀστυάγης
1117 2947 1198 3032 *).
1351 2938 1358 2943 ’

574 3050 1117 3117 Terminationum
1162 3051 1604 3134 syllabicamm
1619 3105 1635 3135 ,
1705 3074 1867 3137 quae
1911 3056 2227 3122 adverbiis
2282 3059 2645 3140 assignatae

403 3161 577 3238 sunt,
648 3154 852 3219 altera
894 3159 994 3219 est
1048 3158 1146 3237 Ξῖ,
1205 3160 1281 3220 ἐἰ
1332 3155 1521 3220 huius
1577 3175 1825 3241 quoque
1870 3160 2120 3241 generis
2165 3165 2343 3225 ortus
2389 3162 2639 3244 dupleX,

399 3260 647 3343 partim-
675 3276 714 3322 a
756 3256 1077 3322 vocabulis
1123 3257 1404 3323 eiusdem
1451 3259 1733 3326 merismi
1788 3266 1861 3326 ut
1906 3257 2238 3347 ἀγχόθι,
2309 3261 2636 3350 τηλόθι,

398 3364 631 3446 partim
698 3380 738 3428 a
781 3360 1284 3429 declinabilibus:
1363 3353 1507 3426 όὶλλ
1527 3387 1561 3426 ο
1584 3369 1704 3447 θ-ι,
1773 3359 1944 3430 οἷ’κο
1965 3370 2069 3430 θι.
2159 3366 2278 3432 Illa
2325 3367 2402 3432 de
2447 3368 2643 3449 signi-

398 3464 688 3531 ficatione
741 3464 1042 3546 primitivi
1098 3466 1196 3531 sui
1250 3467 1620 3549 plerumque
1685 3466 1838 3532 nihil
1885 3473 2160 3548 mutant;
2226 3469 2306 3534 de
2370 3489 2641 3553 parony-

396 3587 643 3633 morum
687 3567 1003 3632 nonnullis
1049 3568 1270 3633 eadem
1295 3584 1478 3650 ‘quae
1525 3589 1717 3652 supra
1761 3570 1976 3655 existit
2021 3560 2359 3652 dubitatio,
2425 3578 2641 3639 utrum

399 3671 661 3754 syllaba,
704 3689 831 3752 qua
873 3668 1178 3735 finiuntur
1193 3721 1209 3750 ,
1253 3673 1633 3754 paragogica
1676 3674 1785 3753 sit,
1855 3694 1935 3739 an
1980 3672 2406 3755 significativa.
2495 3676 2640 3742 Duo

399 3776 624 3841 horum
668 3772 855 3839 affert
898 3772 1085 3838 schol.
1132 3773 1295 3839 Vict.
1338 3773 1412 3839 Il.
1455 3775 1517 3839 X
1567 3777 1643 3839 12
1682 3770 1981 3842 Ἰλιόθι
2033 3773 2165 3863 πρό
2195 3814 2265 3824 —-·
2319 3779 2480 3843 κατὰ
2506 3805 2638 3845 πα·

400 3871 641 3964 ρολκῆν
687 3868 727 3961 ἢ
771 3874 1168 3962 παραγωγή·
1239 3877 1429 3964 δηλοῖ
1468 3877 1594 3963 γὰρ
1653 3876 1726 3942 τὸ
1768 3871 1970 3943 Ἰλίου
2036 3874 2126 3956 ὡς
2183 3878 2258 3944 τὸ
2305 3874 2645 3966 οὐρανόθι

403 3974 552 4062 πρό.
662 3977 785 4042 Pro
850 3977 971 4044 hoc
1028 3976 1403 4062 'Apollonius
1470 3982 1628 4048 Adv.
1676 3979 1819 4048 608.
1867 3982 1951 4047 20
2015 3981 2237 4062 refert,
2304 3985 2638 4049 nonnullos

403 4078 776 4168 οὐρανόθεν
834 4077 966 4166 πρό
1032 4083 1339 4165 scribere,
1407 4086 1576 4167 quod
1620 4086 2077 4168 quodammodo
2123 4088 2406 4153 excusari
2451 4107 2639 4169 posse

639 4236 749 4244 ..ο-ι»-

535 4301 595 4366 Ὄ
630 4303 823 4370 Dimid.
849 4322 976 4374 paq.
1010 4325 1118 4360 vac.
1151 4309 1246 4361 rel.
