2946 4928
582 337 719 417 *DE
762 290 1557 404 Paosoimmnsuo.
1626 331 1769 403 Μ.
1815 333 1883 401 o.
1906 334 2022 402 111.
2068 336 2124 422 §—
2148 334 2207 402 3.
2366 332 2504 402 111

253 516 332 569 re
372 495 795 568 incertissima
836 493 1185 584 proponere
1223 501 1434 584 juvat,
1480 501 1616 566 veri
1658 496 1865 566 simile
1902 495 2167 566 videtm'
2198 500 2265 564 in
2306 514 2505 583 popu-

183 616 189 626 ‘
254 600 397 670 lari·
422 604 778 671 Atticorum
824 620 1111 671 sermone
1140 602 1362 684 vocali,
1405 622 1570 687 quae
1593 604 1747 671 elidi
1766 621 1894 668 non
1915 603 2172 685 patitur,
2219 601 2504 683 exemplo
2535 647 2544 659 ,

251 698 591 791 poetarum
648 708 851 789 sigma
895 709 1253 790 appositum
1296 725 1439 774 esse
1495 707 1709 774 hiatus
1752 704 2126 786 fomentum,
2177 704 2506 771 -doctiores

257 826 411 876 vero
453 811 641 893 huJus
687 811 996 883 cautionis
1041 811 1389 877 incuriosos
1432 810 1774 877 retinuisse
1814 805 2085 877 formam
2129 804 2208 875 ab
2241 808 2283 874 J
2285 808 2508 874 onibus

261 919 605 996 acceptam.
692 913 792 979 Ex
834 906 1190 980 Atticorum
1232 908 1657 981 imitatoribus
1698 928 1895 978 unum
1927 910 2259 994 appellabo
2282 911 2509 978 Lucia-

258 1032 432 1098 num‚
477 1017 578 1083 cui
599 1016 986 1083 Jacobitzius
1030 1017 1288 1099 reliqu-it
1328 1016 1560 1101 μέχρις
1605 1015 1678 1095 ἕξ
1697 1014 1974 1083 Macrob.
2012 1015 2132 1101 §3‚
2181 1010 2521 1100 sed-usim
2556 1106 2559 1109 Ι

257 1116 481 1186 Ἰνδῶν
525 1119 710 1186 1)131.“
735 1114 921 1186 Mort.
966 1114 1094 1187 XII
1138 1121 1173 1205 ἓ
1222 1119 1264 1184 5
1309 1138 1344 1185 e
1389 1114 1594 1193 tribus
1639 1120 1819 1186 codd.
1861 1117 2130 1202 scripsit,
2179 1117 2335 1185 Tim.
2365 1119 2410 1204 g,
2427 1114 2508 1184 23

259 1227 330 1289 et
353 1222 438 1288 30
461 1240 538 1288 ex
558 1240 683 1289 uno
709 1217 861 1311 ὂὲχρι
885 1216 982 1304 ἅν,
1030 1223 1401 1305 saepissime
1421 1238 1573 1289 vero
1617 1222 1736 1288 hoc
1768 1227 1847 1287 et
1867 1221 2060 1310 μέχρι
2085 1226 2306 1288 contra
2326 1218 2507 1289 codd.

260 1330 413 1391 ante
439 1326 755 1392 vocalem:
800 1327 1047 1393 Amorr.
1072 1326 1108 1410 ς
1132 1323 1234 1405 25,
1280 1324 1443 1390 Dial.
1481 1324 1685 1390 Mort:
1703 1322 1950 1390 XXVII
1970 1323 2030 1404 4,
2078 1322 2324 1406 Catapl.
2369 1325 2405 1410 ἓ
2453 1321 2510 1403 9,

258 1427 548 1503 Hermot.
594 1426 629 1513 g
679 1426 779 1509 74,
826 1430 973 1494 Tox.
1020 1429 1055 1514 ξ
1108 1426 1204 1508 13,
1248 1427 1528 1510 Menipp.
1596 1428 1632 1512 ξ
1678 1429 1782 1493 20.
1880 1424 2068 1493 Hunc
2133 1431 2200 1492 et
2264 1430 2509 1493 ceteros

260 1531 391 1596 alio
434 1537 738 1614 tempore⁴
784 1536 850 1596 et
912 1531 1050 1597 loco
1095 1530 1281 1596 aliter
1326 1530 1659 1613 scripsisse
1723 1548 1850 1597 non
1915 1531 2009 1596 ita
2050 1529 2339 1596 mirabile
2393 1535 2510 1610 est,

259 1652 455 1716 quam
500 1633 669 1717 quod
710 1634 1029 1699 interdum
1073 1634 1242 1699 intra
1283 1634 1698 1715 paucissimos
1740 1652 1965 1700 versus
2009 1638 2201 1716 atque
2244 1632 2404 1698 adeo
2447 1632 2513 1697 in

261 1735 490 1803 eadem
532 1736 1086 1818 comprehensione
1129 1733 1401 1819 utraque
1447 1738 1760 1819 scriptura
1802 1739 2106 1804 miscetur
2146 1737 2320 1803 velut
2350 1735 2511 1801 Plat.

261 1839 511 1907 Menex.
558 1838 686 1905 239
728 1839 785 1904 E
830 1843 1056 1928 Κῦρος
1102 1876 1175 1886 -
1236 1840 1455 1926 μέχρις
1501 1836 1851 1927 Αἰγύπτου
1895 1833 2052 1928 ἦρξε
2101 1875 2174 1889 -·
2221 1841 2514 1927 Δαρεῖος

264 1941 343 2010 δὲ
372 1943 576 2030 μέχρι
621 1946 930 2021 Σκυθῶν,
998 1946 1063 2007 et
1105 1942 1286 2009 Diod.
1333 1942 1367 2006 Ι
1415 1942 1495 2008 18
1548 1944 1711 2009 med.
1775 1943 2009 2032 μέχρις
2052 1936 2130 2008 ι’ίν
2187 1980 2260 1992 -·
2319 1942 2513 2031 μέχρι

262 2049 393 2111 τῶν
440 2080 513 2093 --
562 2047 755 2132 μέχρι
799 2030 976 2131 τῆς,’
1020 2046 1201 2128 quasi
1243 2046 1456 2113 hiatus
1501 2047 1759 2113 arcendi
1802 2065 2021 2128 causa,
2089 2047 2204 2113 sed
2246 2046 2513 2128 utroque

262 2149 334 2214 in
356 2149 496 2214 loco
518 2149 694 2215 codd.
721 2148 1097 2230 discrepant.
1137 2187 1208 2199 —-·
1225 2149 1551 2227 Quomodo
1576 2150 1967 2217 Graecorum
1982 2150 2322 2216 'veterrimi
2354 2149 2512 2215 haec

264 2251 570 2318 adverbia
610 2251 1178 2334 pronunciaverint,
1226 2253 1523 2320 additone
1571 2251 1771 2336 sigma
1803 2273 1884 2319 an
1907 2253 2157 2333 omisso,
2195 2249 2514 2320 incertum

262 2354 479 2422 reddit
532 2356 725 2437 etymi
759 2356 1118 2438 ‘ignoratim
1186 2375 1243 2422 V.
1286 2357 1552 2423 Elemm.
1597 2354 1778 2422 Path.
1825 2356 1861 2424 I.
1906 2355 2046 2422 113.
2112 2355 2512 2422 Herodianus

263 2456 351 2525 ad
392 2457 465 2524 Il.
510 2457 663 2524 XVI
706 2457 831 2525 324
879 2454 1032 2547 ἄχρι
1075 2475 1154 2525 ex
1195 2459 1390 2550 μέχρι
1431 2458 1670 2528 factum
1716 2479 1859 2526 esse
1904 2459 2213 2544 conjectat
2254 2459 2373 2525 hoc
2415 2463 2537 2525 est-

265 2557 408 2627 xaz'
459 2557 806 2645 ἀποβολὴν
852 2562 961 2629 καὶ
1004 2559 1370 2645 μετάθεσιν
1413 2564 1558 2630 ΕΜ.
1609 2562 1748 2629 182.
1794 2562 1896 2630 53.
1951 2563 2318 2629 Ammonius
2362 2580 2512 2629 vero

260 2661 719 2747 significatione
764 2666 1065 2731 discernit
1111 2661 1260 2755 ἄχρι
1304 2668 1653 2749 temporale
1718 2672 1786 2733 et
1839 2662 2028 2755 ἄχρις
2068 2666 2237 2752 μετὰ
2280 2668 2400 2733 τοῦ
2443 2668 2513 2738 'a‘

266 2763 417 2835 ἀντὶ
458 2772 578 2835 τοῦ
626 2763 937 2856 ἀκριβῶς·
999 2769 1079 2835 de
1124 2775 1331 2853 etymo
1381 2770 1557 2836 nihil.

442 2870 602 2937 Cum
621 2872 721 2937 his
744 2871 1007 2938 Vossius
1030 2872 1115 2939 ad
1135 2872 1214 2939 H.
1237 2874 1304 2940 in
1327 2855 1466 2940 der.
1489 2873 1572 2940 85
1598 2879 1664 2939 et
1686 2873 2082 2940 Butmannus
2104 2831 2254 2941 Lex
2277 2874 2343 2939 H
2386 2871 2512 2940 217
2591 2937 2604 2950 ,

267 2970 658 3042 mutandum:
704 2970 915 3062 ἀμφί
958 2979 1025 3041 et
1070 2970 1364 3064 ἀμφίς,
1434 2977 1513 3044 de
1557 2993 1682 3059 quo
1724 2974 1868 3044 EM.
1910 2974 2014 3044 94.
2059 2979 2144 3044 20
2211 2974 2350 3044 ἀπὸ
2386 2982 2515 3063 τῆς
2567 2970 2579 2987 ’

268 3072 453 3165 ἆμφί
475 3073 723 3163 γίνεται
762 3074 975 3167 ἀμφίς
996 3075 1323 3170 ἐπίρρημα
1370 3077 1715 3166 σημαῖνον
1733 3081 1810 3147 τὸ
1855 3081 2089 3169 χωριᾝς
2138 3073 2281 3149 οἷον
2323 3082 2515 3148 θεοὶ

271 3177 591 3266 Κρόνον
658 3176 915 3270 ἀμφὶς
980 3177 1275 3261 ἐόντες.
1369 3177 1469 3249 Οὔ
1527 3182 1651 3272 γὰρ
1700 3179 2047 3267 δυνάμεθα
2094 3181 2299 3270 λέγειν
2345 3183 2513 3272 πρό-

274 3287 467 3348 &sorr
507 3278 553 3369 ἢ
597 3282 1019 3368 πλεονασμὸν
1063 3289 1175 3351 τοῦ
1238 3317 1290 3370 σ,
1334 3286 1453 3353 hoc
1508 3293 1609 3354 est
1663 3287 1939 3414 ἅμφίς-
1940 3305 2065 3354 non
2128 3289 2514 3370 praepositio

269 3389 373 3473 est
426 3382 737 3470 (οὐδεμία
793 3388 917 3476 γὰρ
965 3385 1294 3475 πρόθεσις
1340 3386 1695 3472 πλεονάζει
1748 3393 1822 3458 τὸ
1887 3424 1922 3462 σ
1980 3390 2185 3472 Epim.
2231 3385 2333 3455 66.
2380 3389 2512 3472 30),

266 3488 386 3555 sed
429 3488 795 3555 adverbium
837 3509 953 3572 pro
997 3491 1464 3573 praepositione
1505 3494 1800 3574 positum.
1887 3494 2064 3561 Inter
2081 3493 2518 3576 pleonasmum

275 3598 346 3658 et
418 3592 918 3659 antimerismum
994 3599 1179 3660 nutat
1243 3593 1644 3663 Herodianus
1711 3595 1887 3664 Mons
1936 3591 2038 3664 45.
2084 3596 2166 3663 25
2232 3591 2515 3679 οὐδεμία

270 3690 607 3786 πρόθεσις
651 3694 1051 3782 δισύλλαβος
1095 3697 1186 3778 εις
1227 3696 1591 3788 σύμφωνον
1623 3699 1996 3789 καταλήγει,
2045 3696 2213 3768 ἀλλὰ
2255 3696 2427 3794 μόνη
2475 3691 2513 3785 ἦ

267 3794 463 3885 υπέρ
534 3797 606 3864 τὸ
653 3798 780 3886 γὰρ
827 3798 1139 3889 Κρόνον
1189 3798 1447 3896 ἆμφις
1500 3802 1766 3885 ἐόντες
1833 3801 1912 3872 οὐ
1957 3827 2214 3898 γνησιον
2259 3791 2392 3885 ἔχει
2438 3803 2514 3867 τὸ

268 3902 495 3981 τέλος·
566 3897 611 3989 ἢ
663 3897 827 3987 ι’σως
880 3901 1267 3993 ἐνήλλακται
1319 3906 1525 3994 μέρος
1580 3905 1798 3994 λόγου.
1907 3907 2152 3973 Eadem
2200 3905 2515 3971 dubitatio
2578 3933 2581 3934 ⁷

263 4002 392 4071 fuit
435 4003 515 4074 de
558 4004 751 4070 verbo
798 4000 1269 4095 ἆμφισβητεῒν;
1334 4010 1402 4074 id
1466 4010 1635 4075 enim
1691 4009 1797 4075 alii
1852 4028 1994 4075 cum
2046 4009 2514 4091 praepositione

265 4106 636 4189 pleonasmo
681 4106 935 4191 affecta,
1004 4105 1137 4191 alii,
1205 4109 1353 4193 quia
1397 4111 1788 4179 extrinsecus
1834 4115 2169 4195 augeatur,
2215 4130 2356 4177 cum
2403 4111 2512 4175 ad

264 4207 488 4282 verbio
509 4209 756 4311 integro
779 4229 1126 4280 connexum
1144 4219 1391 4297 putant,
1415 4215 1720 4283 Choerob.
1730 4214 1884 4281 Gan.
1897 4214 2042 4281 527.
2055 4214 2112 4296 3,
2126 4213 2269 4281 ΕΜ.
2284 4212 2384 4295 94
2410 4211 2523 4293 24
2498 4263 2531 4293 ,

268 4315 389 4381 sed
432 4321 534 4382 est
574 4307 784 4398 potius
828 4317 1324 4400 parasyntheton
1368 4318 1448 4384 ab
1496 4314 1957 4408 ἀμφισβήτης,
2003 4317 2191 4467 ffssd
2255 4316 2320 4382 in
2376 4322 2515 4384 arte
