2946 4928
950 271 1599 434 moonsmnrra
1637 350 1642 351 f
1687 330 1725 415 ς
1768 328 1831 397 3.
2389 329 2516 400 353

275 506 382 571 sui
424 505 492 573 in
536 505 704 573 Diss.
751 507 827 572 de
868 508 1124 574 Praecc.
1172 509 1353 595 euple.
1400 530 1460 594 p.
1511 507 1590 583 16
1635 507 1710 577 et'
1745 498 1847 591 53,
1892 510 1969 578 cf.
2013 510 2096 576 ad
2119 440 2236 576 ⁸Al.
2277 528 2339 592 p.
2368 508 2515 590 335,

279 626 627 715 eorumque
649 612 892 710 nullum
937 617 1050 677 aut
1070 610 1431 694 parechesis
1454 632 1648 680 causa
1670 615 2029 697 quaesitum
2072 619 2186 678 aut
2227 611 2352 677 alia
2393 629 2520 694 qua

278 714 559 778 oratoria
602 714 837 791 virtute
882 715 1387 781 commendatum
1431 722 1549 781 est.
1635 715 1863 800 Itaque
1904 718 2064 783 haec
2120 732 2315 782 causa
2376 731 2520 779 esse

166 904 173 910 ·
277 816 501 897 nequit
517 866 532 896 ,
601 833 711 882 cur
754 817 947 882 iidem
991 816 1142 883 alibi
1182 835 1369 884 voces
1435 819 1756 884 diversum
1822 824 2120 885 sonantes
2181 817 2518 882 iunxerint.

279 917 576 1001 Plerique
618 924 978 986 nostrorum
1019 919 1140 986 hoc
1182 921 1385 986 modo-
1410 926 1666 1000 cautum
1688 940 1831 988 esse
1852 923 2210 1004 opinantur,
2252 937 2333 984 ne
2375 916 2519 985 lite·

276 1039 391 1086 rae
434 1021 537 1087 vel
580 1022 1026 1088 antecedentes
1069 1022 1171 1087 vel
1215 1015 1675 1105 subsequentes
1719 1043 1861 1090 cum
1925 1040 2078 1089 voce
2143 1022 2521 1104 interposita

280 1125 572 1205 asperius
616 1125 896 1206 coirent3
964 1144 1153 1207 quam
1207 1125 1285 1190 ob
1332 1144 1591 1192 causam
1635 1128 1829 1193 etiam
1874 1142 2179 1192 consonas
2223 1125 2518 1207 prosche-

280 1228 634 1305 matistieas
678 1246 845 1294 nunc
887 1228 1156 1309 additaS,
1200 1247 1367 1295 nunc
1409 1230 1678 1295 omissas
1723 1247 1864 1296 esse
1888 1229 2199 1295 dictitant.
2284 1227 2518 1310 Diony-

278 1328 413 1394 sius
459 1330 538 1395 de
585 1329 798 1412 Gomp.
843 1330 1031 1396 XXII
1074 1330 1502 1413 Thucydidem
1568 1330 1844 1397 affirmat
1906 1332 1973 1396 in
2024 1331 2346 1412 prooemio
2408 1349 2519 1396 ne·

280 1433 409 1498 scio
455 1451 580 1514 qua
621 1432 913 1516 fragosae
959 1434 1250 1499 dictionis
1293 1432 1692 1499 affectatione
1733 1435 1911 1499 iuxta
1953 1452 2021 1499 se
2064 1435 2353 1516 posuisse
2375 1452 2551 1499 con--

279 1552 471 1600 sonas
485 1586 500 1617 ‚
568 1555 731 1618 quae
773 1557 901 1603 una
947 1536 1189 1619 syllaba
1234 1536 1678 1619 comprehendi
1720 1555 1846 1601 non
1889 1541 2182 1618 possunt,
2246 1537 2521 1620 primum

270 1639 320 1708 ’ὃ
355 1643 422 1703 et
465 1639 529 1717 ’ἐξ
585 1636 991 1726 Θουκιδίὸης
1019 1639 1403 1725 ξυνέγραψε,
1429 1644 1569 1705 tum
1610 1641 1655 1712 ἶ
1700 1644 1767 1705 et
1806 1642 1877 1710 τῖε
1923 1638 2035 1721 τὸν(
2058 1636 2353 1723 πόλεμον
2382 1644 2520 1722 ete„

169 1824 174 1830 ι
278 1758 547 1832 quorum
592 1742 823 1807 similia
865 1743 1067 1807 multa
1099 1742 1245 1823 ,ipse
1280 1742 1549 1811 &admisit
1590 1742 1891 1809 insciens:
1960 1744 2074 1830 τῆς
2141 1737 2522 1828 ἀποστολῆς

279 1843 539 1922 ξενικοῦ
580 1842 1092 1930 -στρατεύματος
1132 1844 1229 1910 De
1293 1846 1357 1910 vi
1421 1844 1746 1917 Demosth.
1810 1843 1903 1910 IV
1948 1841 2073 1909 724
2138 1849 2257 1909 etc.
2361 1843 2521 1910 Illae

246 1964 492 2013 ·merae
536 1948 823 2028 argutiae
869 1952 1041 2027 sunt,
1114 1947 1241 2012 sed-
1282 1967 1478 2030 prope
1522 1953 1737 2013 tamen
1782 1946 1954 2012 subit
1996 1946 2295 2028 suspicio,
2364 1947 2517 2012 scri-

66 2028 79 2033 *
172 2116 190 2122 ,
275 2052 530 2131 ptorum
575 2049 1008 2116 delicatiorum
1054 2050 1299 2131 aliquos
1345 2069 1683 2116 consonam
1699 2047 2139 2116 refractariam
2181 2048 2283 2114 vel
2325 2049 2519 2114 emol-

285 2150 503 2216 livisse
548 2150 985 2216 assimilando:
1055 2149 1134 2234 ἐμ
1176 2151 1361 2238 μέσῳ
1405 2158 1542 2232 etc„
1590 2153 1669 2217 de
1710 2170 1855 2233 quo,
1878 2151 2031 2216 alibi
2074 2150 2202 2215 dixi
2244 2168 2321 2215 ex
2373 2169 2518 2231 pro-

240 2252 446 2333 ⁸fesso
491 2252 594 2338 (cf.
616 2252 853 2320 Mehlh.
878 2270 1137 2334 gramm.
1183 2253 1376 2339 §48)‚
1422 2256 1540 2335 vel,
1587 2254 1793 2320 omitti
1838 2254 1892 2318 si
1914 2257 2147 2335 posset,
2193 2252 2516 2318 omisisse:

276 2360 559 2422 τοσοῦτο
608 2356 776 2438 ζῶον
820 2406 836 2436 ,
884 2358 1321 2443 Δημοσθένης
1364 2357 1602 2443 μικρὸν
1645 2362 1763 2423 ete.
1851 2356 2089 2421 Verum
2121 2360 2336 2421 tamen
2377 2352 2517 2421 nul:

270 2458 376 2524 lus
422 2464 523 2525 est
564 2459 758 2539 locUS‚
807 2478 931 2540 quo
978 2459 1398 2525 demonstrari
1462 2460 1682 2556 possit,
1748 2459 1911 2525 hanc
1974 2457 2169 2523 fuisse
2234 2458 2518 2524 variatae

275 2562 628 2650 scripturae
673 2580 928 2626 causam
942 2612 957 2641 ,
1026 2568 1092 2626 et
1136 2562 1385 2627 omnino
1433 2561 1712 2628 Graecos
1778 2563 1844 2627 in
1887 2561 2251 2627 ordinandis
2313 2561 2517 2626 literis

274 2682 399 2729 non
443 2669 576 2729 tam
621 2664 1022 2746 scrupulosos
1064 2663 1262 2730 fuisse
1307 2684 1500 2746 quam
1543 2664 1857 2730 nonnullis
1892 2664 2204 2744 videntur,
2248 2662 2519 2745 probant

274 2767 403 2832 alia
444 2767 995 2847 inconsequentiae
1040 2767 1353 2850 exempla,
1422 2766 1698 2848 primum
1749 2768 1814 2832 in
1861 2767 2136 2849 syntaxi:
2206 2764 2280 2844 ἐξ
2325 2759 2517 2844 ὀξέος

273 2867 435 2932 Plat.
480 2867 640 2933 Tim:
686 2866 768 2933 74
792 2867 858 2948 C,
908 2868 980 2947 ἐξ
1022 2866 1096 2949 ἓξ
1138 2873 1256 2935 τοῦ
1302 2865 1604 2956 ἀριθμοῦ
1649 2870 1866 2956 γέγονε
1910 2869 1991 2933 ib.
2039 2867 2126 2933 74
2163 2867 2239 2947 Ε,
2292 2861 2516 2933 καθά-

277 2970 418 3049 παξ
461 2969 652 3057 ξείνῳ
698 2969 814 3036 Od.
864 2969 1020 3035 XXI
1063 2969 1215 3052 349,
1282 2972 1451 3052 quod
1493 2966 1742 3038 veteres
1789 2970 2193 3036 adnotatione
2259 2970 2517 3052 dignum

278 3072 668 3138 habuerunt:
716 3070 822 3138 ὅτι
865 3066 1225 3159 κατάληξις
1269 3070 1361 3153 εἷς
1406 3076 1447 3153 ’ξ’
1497 3074 1608 3163 καὶ
1654 3070 1814 3162 ἀρχὴ
1842 3065 2045 3151 αὖθις
2069 3067 2205 3138 ἀπὸ
2230 3078 2348 3139 τοῦ
2393 3068 2516 3138 αὖ·

218 3184 230 3196 ’
272 3179 388 3240 τοῦ
433 3170 717 3260 ἑτέρωθί
761 3198 896 3241 που
940 3171 1061 3241 οὐκ
1107 3173 1249 3242 ἔστι
1295 3176 1481 3266 παρὰ
1530 3180 1623 3264 τῷ
1671 3181 1919 3264 ποιητῇ
1950 3156 2131 3240 Eust.
2186 3172 2369 3239 1912.
2419 3172 2515 3238 15.

274 3274 478 3341 Nimis
521 3275 848 3343 fastidiose
892 3276 1315 3345 Schneiderus
1359 3275 1477 3344 καί
1518 3278 1627 3345 κέν
1651 3281 1773 3356 ’τις
1817 3276 2081 3359 Oppian.
2104 3275 2247 3340 Hal.
2270 3274 2364 3340 IV
2390 3269 2515 3339 343

272 3376 457 3441 valde
499 3378 898 3465 cacophonon
941 3397 1085 3445 esse
1130 3380 1385 3461 iudicat,
1441 3379 1728 3465 quamvis
1771 3376 2114 3444 inoffensus
2180 3374 2511 3459 praeteriit

275 3481 707 3564 monosyllaba
747 3482 894 3548 huic
937 3483 1196 3548 Similia:
1245 3478 1325 3548 οὗ
1367 3482 1489 3565 μέν
1530 3507 1646 3566 μιν
1686 3484 1931 3565 μοῦνον
1965 3480 2025 3546 V
2067 3477 2214 3560 505,
2261 3474 2341 3545 οὗ
2385 3474 2516 3563 μήν

274 3590 411 3671 θην
454 3584 521 3649 Π
565 3582 711 3649 454.
840 3583 1033 3649 Plura
1087 3584 1457 3652 huiusmodi
1520 3586 1709 3652 attuli
1771 3585 1839 3651 in
1879 3581 2136 3647 Praeoo'.
2180 3580 2363 3667 euplo.
2408 3581 2513 3663 53,

275 3687 586 3779 simulque
631 3685 882 3752 ostendi
923 3687 973 3757 νἶι
1020 3691 1088 3752 et
1128 3686 1180 3775 ᾗ*
1227 3688 1295 3753 in
1338 3686 1622 3754 confiniis
1664 3706 1887 3754 vocum
1928 3685 2197 3752 inveniri
2240 3685 2514 3766 saepius,

273 3790 585 3873 quomodo
627 3788 811 3854 Plato
855 3807 1106 3872 quoque
1150 3789 1310 3856 dixit
1350 3791 1473 3874 μέν
1515 3816 1633 3875 μοι
1657 3790 1837 3872 Apol.
1882 3787 1966 3855 26
1995 3789 2071 3869 Α,
2137 3787 2357 3855 τοίνυν
2396 3812 2516 3871 μοι

273 3892 518 3960 Laches
567 3889 689 3957 194
738 3890 816 3973 C;
869 3893 984 3958 sed
1027 3892 1092 3958 in
1138 3892 1462 3974 parathesi
1505 3894 1674 3971 hunc
1712 3890 2067 3960 conflictum
2112 3890 2374 3958 evitavit
2415 3909 2515 3956 as-

273 3995 650 4062 similatione
678 4011 991 4061 consonae
1014 3993 1221 4083 finalis
1245 3997 1521 4078 poetica:
1568 3992 1695 4079 ξῦμ
1727 4019 1848 4079 μοι
1872 3990 2184 4078 λάβεσθε,
2228 4014 2286 4061 v.
2316 3994 2515 4060 Elem.

272 4098 455 4165 Path.
477 4097 513 4162 I
533 4096 662 4164 602
685 4115 778 4180 sq.
875 4098 1158 4180 Aequius
1177 4098 1287 4164 illo
1306 4098 1547 4165 iudicat
1568 4097 1942 4165 Schaeferus
1965 4097 2201 4182 Appar.
2226 4097 2296 4163 T.
2326 4098 2359 4163 Ι
2394 4094 2515 4162 196

276 4223 617 4266 concursus
660 4199 933 4264 duarum
973 4222 1192 4264 vocum
1232 4198 1444 4289 ἤνπερ
1469 4200 1642 4289 ὑπὲρ
1684 4222 1811 4265 non
1850 4201 2063 4282 mirer,
2109 4200 2174 4263 ei
2211 4199 2390 4262 cuius
2413 4196 2515 4261 de·

277 4303 586 4368 Ζίοαιίοτίε
630 4325 822 4367 aures
866 4300 1159 4387 offendat.
1250 4300 1380 4369 Sed
1417 4325 1609 4389 quwm
1649 4304 1786 4371 alia
1832 4326 1959 4369 non
2001 4299 2319 4456 eu3m3‘0rss
2371 4299 2522 4370 eom·

378 4404 617 4454 Βοῦσαι.
640 4404 867 4452 Ριιῐῑιοῌῑ.
