<?xml version="1.0" encoding="UTF-8"?>
<!DOCTYPE html PUBLIC "-//W3C//DTD XHTML 1.0 Transitional//EN"
    "http://www.w3.org/TR/xhtml1/DTD/xhtml1-transitional.dtd">
<html xmlns="http://www.w3.org/1999/xhtml" xml:lang="en" lang="en">
 <head>
  <title>
</title>
<meta http-equiv="Content-Type" content="text/html;charset=utf-8" />
  <meta name='ocr-system' content='tesseract 3.04.00' />
  <meta name='ocr-capabilities' content='ocr_page ocr_carea ocr_par ocr_line ocrx_word'/>
</head>
<body>
  <div class='ocr_page' id='page_1' title='image "./pathologiaegrae02lobegoog_0009.png"; bbox 0 0 2946 4928; ppageno 0'>
   <div class='ocr_carea' id='block_1_1' title="bbox 1167 352 2533 422">
    <p class='ocr_par' dir='ltr' id='par_1_1' title="bbox 1167 352 2533 422">
     <span class='ocr_line' id='line_1_1' title="bbox 1167 352 2533 422; baseline 0.002 -3"><span class='ocrx_word' id='word_1_1' title='bbox 1167 352 1665 421; x_wconf 78' lang='lat' dir='ltr'>PRAEFATIO.</span> <span class='ocrx_word' id='word_1_2' title='bbox 2471 354 2533 422; x_wconf 89' lang='lat' dir='ltr'><strong>V</strong></span> 
     </span>
    </p>
   </div>
   <div class='ocr_carea' id='block_1_2' title="bbox 280 514 2530 2038">
    <p class='ocr_par' dir='ltr' id='par_1_2' title="bbox 280 514 2530 2038">
     <span class='ocr_line' id='line_1_2' title="bbox 286 514 2527 600; baseline 0 -16"><span class='ocrx_word' id='word_1_3' title='bbox 286 514 546 584; x_wconf 92' lang='lat' dir='ltr'>nimium</span> <span class='ocrx_word' id='word_1_4' title='bbox 588 523 946 600; x_wconf 80' lang='lat' dir='ltr'>augeretur,</span> <span class='ocrx_word' id='word_1_5' title='bbox 991 536 1068 583; x_wconf 89' lang='lat' dir='ltr'>ea</span> <span class='ocrx_word' id='word_1_6' title='bbox 1109 535 1274 599; x_wconf 90' lang='lat' dir='ltr'>quae</span> <span class='ocrx_word' id='word_1_7' title='bbox 1315 518 1537 599; x_wconf 86' lang='lat' dir='ltr'>paucis</span> <span class='ocrx_word' id='word_1_8' title='bbox 1557 517 1768 585; x_wconf 85' lang='lat' dir='ltr'>verbis</span> <span class='ocrx_word' id='word_1_9' title='bbox 1791 517 2263 585; x_wconf 82' lang='lat' dir='ltr'>continerentur</span> <span class='ocrx_word' id='word_1_10' title='bbox 2303 518 2484 599; x_wconf 90' lang='lat' dir='ltr'>plera</span> <span class='ocrx_word' id='word_1_11' title='bbox 2500 555 2527 567; x_wconf 93' lang='lat'>-</span> 
     </span>
     <span class='ocr_line' id='line_1_3' title="bbox 289 636 2527 721; baseline -0.001 -17"><span class='ocrx_word' id='word_1_12' title='bbox 289 656 429 721; x_wconf 85' lang='lat' dir='ltr'>que,</span> <span class='ocrx_word' id='word_1_13' title='bbox 474 638 744 704; x_wconf 82' lang='lat' dir='ltr'>maxime</span> <span class='ocrx_word' id='word_1_14' title='bbox 787 637 988 718; x_wconf 94' lang='lat' dir='ltr'>ipsius</span> <span class='ocrx_word' id='word_1_15' title='bbox 1032 636 1333 702; x_wconf 85' lang='lat' dir='ltr'>Lobeckii</span> <span class='ocrx_word' id='word_1_16' title='bbox 1354 655 1618 718; x_wconf 85' lang='lat' dir='ltr'>operum</span> <span class='ocrx_word' id='word_1_17' title='bbox 1648 638 1836 719; x_wconf 84' lang='lat' dir='ltr'>locos,</span> <span class='ocrx_word' id='word_1_18' title='bbox 1882 638 2176 704; x_wconf 87' lang='lat' dir='ltr'>cancele</span> <span class='ocrx_word' id='word_1_19' title='bbox 2200 637 2527 719; x_wconf 86' lang='lat' dir='ltr'>quadratis</span> 
     </span>
     <span class='ocr_line' id='line_1_4' title="bbox 289 757 2409 840; baseline -0 -17"><span class='ocrx_word' id='word_1_20' title='bbox 289 758 760 839; x_wconf 88' lang='lat' dir='ltr'>circumscripta</span> <span class='ocrx_word' id='word_1_21' title='bbox 805 776 879 822; x_wconf 94' lang='lat' dir='ltr'>eo</span> <span class='ocrx_word' id='word_1_22' title='bbox 922 758 1060 838; x_wconf 92' lang='lat' dir='ltr'>ipso</span> <span class='ocrx_word' id='word_1_23' title='bbox 1105 758 1258 837; x_wconf 84' lang='grc'><strong>1000,</strong></span> <span class='ocrx_word' id='word_1_24' title='bbox 1304 757 1386 821; x_wconf 91' lang='lat' dir='ltr'>ad</span> <span class='ocrx_word' id='word_1_25' title='bbox 1429 777 1619 839; x_wconf 91' lang='lat' dir='ltr'>quem</span> <span class='ocrx_word' id='word_1_26' title='bbox 1661 758 2082 840; x_wconf 83' lang='lat' dir='ltr'>pertinebant,</span> <span class='ocrx_word' id='word_1_27' title='bbox 2128 758 2409 840; x_wconf 87' lang='lat' dir='ltr'>apposui.</span> 
     </span>
     <span class='ocr_line' id='line_1_5' title="bbox 460 876 2528 960; baseline -0 -17"><span class='ocrx_word' id='word_1_28' title='bbox 460 876 855 960; x_wconf 86' lang='lat' dir='ltr'>Quamquam</span> <span class='ocrx_word' id='word_1_29' title='bbox 916 877 1111 958; x_wconf 91' lang='lat' dir='ltr'>igitur</span> <span class='ocrx_word' id='word_1_30' title='bbox 1165 878 1233 941; x_wconf 93' lang='lat' dir='ltr'>in</span> <span class='ocrx_word' id='word_1_31' title='bbox 1283 876 1403 941; x_wconf 89' lang='lat' dir='ltr'>hoc</span> <span class='ocrx_word' id='word_1_32' title='bbox 1442 878 1697 959; x_wconf 90' lang='lat' dir='ltr'>negotio</span> <span class='ocrx_word' id='word_1_33' title='bbox 1741 877 2236 944; x_wconf 88' lang='lat' dir='ltr'>administrando</span> <span class='ocrx_word' id='word_1_34' title='bbox 2279 880 2528 942; x_wconf 89' lang='lat' dir='ltr'>tantum</span> 
     </span>
     <span class='ocr_line' id='line_1_6' title="bbox 289 994 2528 1080; baseline -0 -18"><span class='ocrx_word' id='word_1_35' title='bbox 289 1015 390 1063; x_wconf 90' lang='lat' dir='ltr'>me</span> <span class='ocrx_word' id='word_1_36' title='bbox 432 997 585 1062; x_wconf 92' lang='lat' dir='ltr'>mihi</span> <span class='ocrx_word' id='word_1_37' title='bbox 631 998 935 1063; x_wconf 79' lang='lat' dir='ltr'>sumsisse</span> <span class='ocrx_word' id='word_1_38' title='bbox 979 996 1216 1078; x_wconf 90' lang='lat' dir='ltr'>liquido</span> <span class='ocrx_word' id='word_1_39' title='bbox 1263 994 1581 1063; x_wconf 74' lang='lat' dir='ltr'>affirmare</span> <span class='ocrx_word' id='word_1_40' title='bbox 1602 1015 1879 1079; x_wconf 85' lang='lat' dir='ltr'>possum,</span> <span class='ocrx_word' id='word_1_41' title='bbox 1924 1002 2232 1080; x_wconf 89' lang='lat' dir='ltr'>quantum</span> <span class='ocrx_word' id='word_1_42' title='bbox 2275 1002 2342 1062; x_wconf 93' lang='lat' dir='ltr'>et</span> <span class='ocrx_word' id='word_1_43' title='bbox 2370 995 2528 1063; x_wconf 89' lang='lat' dir='ltr'>fides</span> 
     </span>
     <span class='ocr_line' id='line_1_7' title="bbox 287 1116 2530 1200; baseline -0.001 -16"><span class='ocrx_word' id='word_1_44' title='bbox 287 1122 353 1184; x_wconf 89' lang='lat' dir='ltr'>et</span> <span class='ocrx_word' id='word_1_45' title='bbox 374 1118 648 1199; x_wconf 87' lang='lat' dir='ltr'>dignitas</span> <span class='ocrx_word' id='word_1_46' title='bbox 672 1117 951 1183; x_wconf 82' lang='lat' dir='ltr'>creditae</span> <span class='ocrx_word' id='word_1_47' title='bbox 992 1117 1087 1182; x_wconf 92' lang='lat' dir='ltr'>rei</span> <span class='ocrx_word' id='word_1_48' title='bbox 1129 1135 1389 1199; x_wconf 89' lang='lat' dir='ltr'>poscere</span> <span class='ocrx_word' id='word_1_49' title='bbox 1435 1135 1511 1182; x_wconf 90' lang='lat' dir='ltr'>ac</span> <span class='ocrx_word' id='word_1_50' title='bbox 1531 1116 1818 1199; x_wconf 89' lang='lat' dir='ltr'>flagitare</span> <span class='ocrx_word' id='word_1_51' title='bbox 1841 1117 2173 1183; x_wconf 89' lang='lat' dir='ltr'>videbatur</span> <span class='ocrx_word' id='word_1_52' title='bbox 2188 1116 2270 1200; x_wconf 90' lang='lat'>*),</span> <span class='ocrx_word' id='word_1_53' title='bbox 2315 1120 2530 1182; x_wconf 86' lang='lat' dir='ltr'>tamen</span> 
     </span>
     <span class='ocr_line' id='line_1_8' title="bbox 285 1236 2528 1318; baseline 0 -17"><span class='ocrx_word' id='word_1_54' title='bbox 285 1237 376 1303; x_wconf 89' lang='lat' dir='ltr'>ita</span> <span class='ocrx_word' id='word_1_55' title='bbox 418 1256 626 1303; x_wconf 90' lang='lat' dir='ltr'>meam</span> <span class='ocrx_word' id='word_1_56' title='bbox 683 1255 824 1302; x_wconf 89' lang='lat' dir='ltr'>cum</span> <span class='ocrx_word' id='word_1_57' title='bbox 865 1236 1053 1301; x_wconf 88' lang='lat' dir='ltr'>huius</span> <span class='ocrx_word' id='word_1_58' title='bbox 1105 1237 1251 1302; x_wconf 90' lang='lat' dir='ltr'>libri</span> <span class='ocrx_word' id='word_1_59' title='bbox 1296 1255 1489 1302; x_wconf 87' lang='lat' dir='ltr'>causa</span> <span class='ocrx_word' id='word_1_60' title='bbox 1532 1238 1927 1303; x_wconf 89' lang='lat' dir='ltr'>coniunctam</span> <span class='ocrx_word' id='word_1_61' title='bbox 1972 1255 2112 1302; x_wconf 89' lang='lat' dir='ltr'>esse</span> <span class='ocrx_word' id='word_1_62' title='bbox 2156 1237 2360 1303; x_wconf 88' lang='lat' dir='ltr'>sentio</span> <span class='ocrx_word' id='word_1_63' title='bbox 2373 1285 2390 1318; x_wconf 90' lang='lat'>,</span> <span class='ocrx_word' id='word_1_64' title='bbox 2437 1241 2528 1317; x_wconf 91' lang='lat' dir='ltr'>ut,</span> 
     </span>
     <span class='ocr_line' id='line_1_9' title="bbox 287 1357 2528 1439; baseline 0 -18"><span class='ocrx_word' id='word_1_65' title='bbox 287 1358 582 1439; x_wconf 90' lang='lat' dir='ltr'>quoniam</span> <span class='ocrx_word' id='word_1_66' title='bbox 647 1375 828 1421; x_wconf 89' lang='lat' dir='ltr'>meae</span> <span class='ocrx_word' id='word_1_67' title='bbox 896 1374 1125 1438; x_wconf 89' lang='lat' dir='ltr'>operae</span> <span class='ocrx_word' id='word_1_68' title='bbox 1200 1358 1557 1422; x_wconf 82' lang='lat' dir='ltr'>accuratius</span> <span class='ocrx_word' id='word_1_69' title='bbox 1632 1357 1943 1422; x_wconf 90' lang='lat' dir='ltr'>rationem</span> <span class='ocrx_word' id='word_1_70' title='bbox 2007 1357 2276 1423; x_wconf 88' lang='lat' dir='ltr'>reddere</span> <span class='ocrx_word' id='word_1_71' title='bbox 2338 1357 2528 1436; x_wconf 89' lang='lat' dir='ltr'>nolui,</span> 
     </span>
     <span class='ocr_line' id='line_1_10' title="bbox 284 1475 2526 1560; baseline 0 -19"><span class='ocrx_word' id='word_1_72' title='bbox 284 1475 592 1560; x_wconf 93' lang='lat' dir='ltr'>quidquid</span> <span class='ocrx_word' id='word_1_73' title='bbox 634 1477 772 1541; x_wconf 90' lang='lat' dir='ltr'>vitii</span> <span class='ocrx_word' id='word_1_74' title='bbox 814 1478 881 1540; x_wconf 92' lang='lat' dir='ltr'>in</span> <span class='ocrx_word' id='word_1_75' title='bbox 922 1476 1042 1542; x_wconf 89' lang='lat' dir='ltr'>hoc</span> <span class='ocrx_word' id='word_1_76' title='bbox 1084 1476 1245 1542; x_wconf 91' lang='lat' dir='ltr'>libro</span> <span class='ocrx_word' id='word_1_77' title='bbox 1287 1477 1694 1558; x_wconf 85' lang='lat' dir='ltr'>remanserit,</span> <span class='ocrx_word' id='word_1_78' title='bbox 1740 1476 1909 1559; x_wconf 89' lang='lat' dir='ltr'>quod</span> <span class='ocrx_word' id='word_1_79' title='bbox 1951 1495 2078 1542; x_wconf 92' lang='lat' dir='ltr'>non</span> <span class='ocrx_word' id='word_1_80' title='bbox 2122 1477 2344 1542; x_wconf 89' lang='lat' dir='ltr'>deceat</span> <span class='ocrx_word' id='word_1_81' title='bbox 2387 1476 2526 1542; x_wconf 89' lang='lat' dir='ltr'>dili·</span> 
     </span>
     <span class='ocr_line' id='line_1_11' title="bbox 282 1596 2527 1679; baseline 0.001 -18"><span class='ocrx_word' id='word_1_82' title='bbox 282 1601 536 1677; x_wconf 86' lang='lat' dir='ltr'>gentem</span> <span class='ocrx_word' id='word_1_83' title='bbox 581 1596 967 1678; x_wconf 90' lang='lat' dir='ltr'>scriptorem,</span> <span class='ocrx_word' id='word_1_84' title='bbox 1012 1615 1138 1662; x_wconf 92' lang='lat' dir='ltr'>non</span> <span class='ocrx_word' id='word_1_85' title='bbox 1177 1615 1466 1663; x_wconf 88' lang='lat' dir='ltr'>recusem</span> <span class='ocrx_word' id='word_1_86' title='bbox 1510 1598 1841 1678; x_wconf 87' lang='lat' dir='ltr'>quominus</span> <span class='ocrx_word' id='word_1_87' title='bbox 1884 1599 1950 1662; x_wconf 93' lang='lat' dir='ltr'>in</span> <span class='ocrx_word' id='word_1_88' title='bbox 1978 1616 2082 1663; x_wconf 92' lang='lat' dir='ltr'>me</span> <span class='ocrx_word' id='word_1_89' title='bbox 2119 1596 2305 1679; x_wconf 90' lang='lat' dir='ltr'>culpa</span> <span class='ocrx_word' id='word_1_90' title='bbox 2325 1596 2527 1663; x_wconf 85' lang='lat' dir='ltr'>omnis</span> 
     </span>
     <span class='ocr_line' id='line_1_12' title="bbox 282 1714 2526 1799; baseline 0.001 -18"><span class='ocrx_word' id='word_1_91' title='bbox 282 1714 659 1795; x_wconf 77' lang='lat' dir='ltr'>conferatur,</span> <span class='ocrx_word' id='word_1_92' title='bbox 715 1718 890 1782; x_wconf 88' lang='lat' dir='ltr'>velut</span> <span class='ocrx_word' id='word_1_93' title='bbox 949 1716 1108 1781; x_wconf 91' lang='lat' dir='ltr'>illud</span> <span class='ocrx_word' id='word_1_94' title='bbox 1153 1715 1323 1797; x_wconf 92' lang='lat' dir='ltr'>quod</span> <span class='ocrx_word' id='word_1_95' title='bbox 1376 1716 1589 1780; x_wconf 87' lang='lat' dir='ltr'>nescio</span> <span class='ocrx_word' id='word_1_96' title='bbox 1644 1735 1767 1798; x_wconf 92' lang='lat' dir='ltr'>quo</span> <span class='ocrx_word' id='word_1_97' title='bbox 1821 1722 2084 1799; x_wconf 84' lang='lat' dir='ltr'>peccato</span> <span class='ocrx_word' id='word_1_98' title='bbox 2140 1736 2280 1783; x_wconf 92' lang='lat' dir='ltr'>meo</span> <span class='ocrx_word' id='word_1_99' title='bbox 2335 1718 2526 1783; x_wconf 86' lang='lat' dir='ltr'>etiam</span> 
     </span>
     <span class='ocr_line' id='line_1_13' title="bbox 280 1833 2527 1918; baseline 0.001 -18"><span class='ocrx_word' id='word_1_100' title='bbox 280 1854 448 1900; x_wconf 89' lang='lat' dir='ltr'>nunc</span> <span class='ocrx_word' id='word_1_101' title='bbox 515 1841 720 1901; x_wconf 91' lang='lat' dir='ltr'>restat</span> <span class='ocrx_word' id='word_1_102' title='bbox 787 1835 1131 1901; x_wconf 90' lang='lat' dir='ltr'>absurdum</span> <span class='ocrx_word' id='word_1_103' title='bbox 1169 1855 1246 1918; x_wconf 89' lang='lat' dir='ltr'>·p.</span> <span class='ocrx_word' id='word_1_104' title='bbox 1301 1834 1421 1901; x_wconf 87' lang='grc'>100</span> <span class='ocrx_word' id='word_1_105' title='bbox 1480 1855 1573 1900; x_wconf 69' lang='grc'>01.</span> <span class='ocrx_word' id='word_1_106' title='bbox 1620 1833 1702 1901; x_wconf 84' lang='grc'>59</span> <span class='ocrx_word' id='word_1_107' title='bbox 1769 1836 1848 1902; x_wconf 92' lang='lat' dir='ltr'>de</span> <span class='ocrx_word' id='word_1_108' title='bbox 1903 1837 2280 1903; x_wconf 87' lang='lat' dir='ltr'>accusativis</span> <span class='ocrx_word' id='word_1_109' title='bbox 2343 1838 2411 1903; x_wconf 93' lang='lat' dir='ltr'>in</span> <span class='ocrx_word' id='word_1_110' title='bbox 2463 1841 2527 1915; x_wconf 64' lang='grc' dir='ltr'>ῖς</span> 
     </span>
     <span class='ocr_line' id='line_1_14' title="bbox 283 1954 2523 2038; baseline 0.002 -18"><span class='ocrx_word' id='word_1_111' title='bbox 283 1954 677 2035; x_wconf 81' lang='lat' dir='ltr'>exeuntibus3</span> <span class='ocrx_word' id='word_1_112' title='bbox 773 1974 980 2038; x_wconf 93' lang='lat' dir='ltr'>neque</span> <span class='ocrx_word' id='word_1_113' title='bbox 1055 1957 1209 2021; x_wconf 93' lang='lat' dir='ltr'>mihi</span> <span class='ocrx_word' id='word_1_114' title='bbox 1284 1957 1406 2038; x_wconf 92' lang='lat' dir='ltr'>ipsi</span> <span class='ocrx_word' id='word_1_115' title='bbox 1482 1956 1717 2021; x_wconf 89' lang='lat' dir='ltr'>iudicia</span> <span class='ocrx_word' id='word_1_116' title='bbox 1779 1955 2102 2021; x_wconf 91' lang='lat' dir='ltr'>hominum</span> <span class='ocrx_word' id='word_1_117' title='bbox 2169 1974 2243 2022; x_wconf 92' lang='grc'>00</span> <span class='ocrx_word' id='word_1_118' title='bbox 2316 1958 2523 2024; x_wconf 86' lang='lat' dir='ltr'>minus</span> 
     </span>
    </p>
   </div>
   <div class='ocr_carea' id='block_1_3' title="bbox 178 2074 2524 2157">
    <p class='ocr_par' dir='ltr' id='par_1_3' title="bbox 178 2074 2524 2157">
     <span class='ocr_line' id='line_1_15' title="bbox 178 2074 2524 2157; baseline 0.001 -17"><span class='ocrx_word' id='word_1_119' title='bbox 178 2144 181 2147; x_wconf 13' lang='grc' dir='ltr'><em>Α</em></span> <span class='ocrx_word' id='word_1_120' title='bbox 284 2074 612 2140; x_wconf 88' lang='lat' dir='ltr'>subeunda</span> <span class='ocrx_word' id='word_1_121' title='bbox 678 2076 956 2141; x_wconf 90' lang='lat' dir='ltr'>animum</span> <span class='ocrx_word' id='word_1_122' title='bbox 1019 2076 1247 2142; x_wconf 90' lang='lat' dir='ltr'>induco</span> <span class='ocrx_word' id='word_1_123' title='bbox 1263 2126 1279 2156; x_wconf 94' lang='lat'>,</span> <span class='ocrx_word' id='word_1_124' title='bbox 1343 2075 1513 2157; x_wconf 92' lang='lat' dir='ltr'>quod</span> <span class='ocrx_word' id='word_1_125' title='bbox 1556 2074 1980 2157; x_wconf 89' lang='lat' dir='ltr'>compluribus</span> <span class='ocrx_word' id='word_1_126' title='bbox 2023 2075 2092 2139; x_wconf 91' lang='lat' dir='ltr'>in</span> <span class='ocrx_word' id='word_1_127' title='bbox 2132 2075 2324 2142; x_wconf 81' lang='lat' dir='ltr'>rebus</span> <span class='ocrx_word' id='word_1_128' title='bbox 2380 2097 2524 2143; x_wconf 92' lang='lat' dir='ltr'>meo</span> 
     </span>
    </p>
   </div>
   <div class='ocr_carea' id='block_1_4' title="bbox 276 2194 2523 3475">
    <p class='ocr_par' dir='ltr' id='par_1_4' title="bbox 276 2194 2523 3475">
     <span class='ocr_line' id='line_1_16' title="bbox 282 2194 2523 2277; baseline 0.001 -18"><span class='ocrx_word' id='word_1_129' title='bbox 282 2195 511 2260; x_wconf 90' lang='lat' dir='ltr'>iudicio</span> <span class='ocrx_word' id='word_1_130' title='bbox 550 2194 794 2261; x_wconf 85' lang='lat' dir='ltr'>diffisus</span> <span class='ocrx_word' id='word_1_131' title='bbox 830 2201 1085 2262; x_wconf 89' lang='lat' dir='ltr'>auctore</span> <span class='ocrx_word' id='word_1_132' title='bbox 1120 2213 1273 2261; x_wconf 90' lang='lat' dir='ltr'>usus</span> <span class='ocrx_word' id='word_1_133' title='bbox 1308 2203 1452 2260; x_wconf 85' lang='lat' dir='ltr'>sum</span> <span class='ocrx_word' id='word_1_134' title='bbox 1483 2195 1973 2277; x_wconf 89' lang='lat' dir='ltr'>locupletissimo</span> <span class='ocrx_word' id='word_1_135' title='bbox 2004 2195 2083 2259; x_wconf 86' lang='grc' dir='ltr'>Κ.</span> <span class='ocrx_word' id='word_1_136' title='bbox 2103 2195 2366 2261; x_wconf 90' lang='lat' dir='ltr'>Lehrsio</span> <span class='ocrx_word' id='word_1_137' title='bbox 2391 2197 2523 2262; x_wconf 89' lang='lat' dir='ltr'>viro</span> 
     </span>
     <span class='ocr_line' id='line_1_17' title="bbox 282 2315 2523 2397; baseline 0 -17"><span class='ocrx_word' id='word_1_138' title='bbox 282 2315 649 2395; x_wconf 88' lang='lat' dir='ltr'>clarissim0‚</span> <span class='ocrx_word' id='word_1_139' title='bbox 694 2316 803 2397; x_wconf 94' lang='lat' dir='ltr'>qui</span> <span class='ocrx_word' id='word_1_140' title='bbox 848 2333 991 2380; x_wconf 92' lang='lat' dir='ltr'>cum</span> <span class='ocrx_word' id='word_1_141' title='bbox 1033 2316 1159 2380; x_wconf 88' lang='lat' dir='ltr'>iam</span> <span class='ocrx_word' id='word_1_142' title='bbox 1202 2315 1350 2380; x_wconf 92' lang='lat' dir='ltr'>inde</span> <span class='ocrx_word' id='word_1_143' title='bbox 1394 2315 1473 2378; x_wconf 89' lang='lat' dir='ltr'>ab</span> <span class='ocrx_word' id='word_1_144' title='bbox 1521 2333 1596 2380; x_wconf 94' lang='lat' dir='ltr'>eo</span> <span class='ocrx_word' id='word_1_145' title='bbox 1617 2319 1921 2396; x_wconf 88' lang='lat' dir='ltr'>tempore,</span> <span class='ocrx_word' id='word_1_146' title='bbox 1967 2333 2090 2395; x_wconf 92' lang='lat' dir='ltr'>quo</span> <span class='ocrx_word' id='word_1_147' title='bbox 2121 2316 2395 2396; x_wconf 88' lang='lat' dir='ltr'>primum</span> <span class='ocrx_word' id='word_1_148' title='bbox 2423 2315 2523 2380; x_wconf 91' lang='lat' dir='ltr'>his</span> 
     </span>
     <span class='ocr_line' id='line_1_18' title="bbox 282 2432 2523 2518; baseline 0.001 -18"><span class='ocrx_word' id='word_1_149' title='bbox 282 2435 508 2501; x_wconf 89' lang='lat' dir='ltr'>studiis</span> <span class='ocrx_word' id='word_1_150' title='bbox 553 2454 810 2518; x_wconf 87' lang='lat' dir='ltr'>operam</span> <span class='ocrx_word' id='word_1_151' title='bbox 855 2436 1008 2501; x_wconf 88' lang='lat' dir='ltr'>dare</span> <span class='ocrx_word' id='word_1_152' title='bbox 1053 2434 1258 2516; x_wconf 89' lang='lat' dir='ltr'>coepi,</span> <span class='ocrx_word' id='word_1_153' title='bbox 1316 2452 1563 2499; x_wconf 85' lang='lat' dir='ltr'>summa</span> <span class='ocrx_word' id='word_1_154' title='bbox 1601 2452 1703 2498; x_wconf 93' lang='lat' dir='ltr'>me</span> <span class='ocrx_word' id='word_1_155' title='bbox 1744 2432 2185 2500; x_wconf 88' lang='lat' dir='ltr'>benevolentia</span> <span class='ocrx_word' id='word_1_156' title='bbox 2224 2437 2523 2518; x_wconf 88' lang='lat' dir='ltr'>prosequi</span> 
     </span>
     <span class='ocr_line' id='line_1_19' title="bbox 279 2551 2522 2637; baseline 0.001 -18"><span class='ocrx_word' id='word_1_157' title='bbox 279 2574 405 2621; x_wconf 94' lang='lat' dir='ltr'>non</span> <span class='ocrx_word' id='word_1_158' title='bbox 450 2555 712 2635; x_wconf 86' lang='lat' dir='ltr'>destitit,</span> <span class='ocrx_word' id='word_1_159' title='bbox 756 2560 892 2620; x_wconf 88' lang='lat' dir='ltr'>tum</span> <span class='ocrx_word' id='word_1_160' title='bbox 934 2557 998 2620; x_wconf 92' lang='lat' dir='ltr'>in</span> <span class='ocrx_word' id='word_1_161' title='bbox 1042 2555 1162 2620; x_wconf 91' lang='lat' dir='ltr'>hac</span> <span class='ocrx_word' id='word_1_162' title='bbox 1203 2573 1274 2619; x_wconf 90' lang='lat' dir='ltr'>re</span> <span class='ocrx_word' id='word_1_163' title='bbox 1298 2554 1543 2619; x_wconf 91' lang='lat' dir='ltr'>nullum</span> <span class='ocrx_word' id='word_1_164' title='bbox 1564 2551 1838 2619; x_wconf 85' lang='lat' dir='ltr'>officium</span> <span class='ocrx_word' id='word_1_165' title='bbox 1860 2554 2013 2619; x_wconf 90' lang='lat' dir='ltr'>mihi</span> <span class='ocrx_word' id='word_1_166' title='bbox 2037 2573 2161 2619; x_wconf 92' lang='lat' dir='ltr'>non</span> <span class='ocrx_word' id='word_1_167' title='bbox 2182 2557 2522 2637; x_wconf 88' lang='lat' dir='ltr'>praestitit,</span> 
     </span>
     <span class='ocr_line' id='line_1_20' title="bbox 278 2673 2415 2757; baseline 0 -18"><span class='ocrx_word' id='word_1_168' title='bbox 278 2674 435 2739; x_wconf 90' lang='lat' dir='ltr'>nihil</span> <span class='ocrx_word' id='word_1_169' title='bbox 479 2693 757 2757; x_wconf 90' lang='lat' dir='ltr'>unquam</span> <span class='ocrx_word' id='word_1_170' title='bbox 810 2675 1059 2756; x_wconf 88' lang='lat' dir='ltr'>roganti</span> <span class='ocrx_word' id='word_1_171' title='bbox 1102 2675 1383 2756; x_wconf 87' lang='lat' dir='ltr'>negavit,</span> <span class='ocrx_word' id='word_1_172' title='bbox 1436 2692 1761 2755; x_wconf 90' lang='lat' dir='ltr'>nunquam</span> <span class='ocrx_word' id='word_1_173' title='bbox 1804 2673 2156 2738; x_wconf 88' lang='lat' dir='ltr'>consulenti</span> <span class='ocrx_word' id='word_1_174' title='bbox 2201 2673 2415 2740; x_wconf 84' lang='lat' dir='ltr'>defuit.</span> 
     </span>
     <span class='ocr_line' id='line_1_21' title="bbox 449 2792 2521 2875; baseline 0 -16"><span class='ocrx_word' id='word_1_175' title='bbox 449 2794 700 2860; x_wconf 91' lang='lat' dir='ltr'>Indices</span> <span class='ocrx_word' id='word_1_176' title='bbox 745 2813 854 2859; x_wconf 92' lang='lat' dir='ltr'>eos</span> <span class='ocrx_word' id='word_1_177' title='bbox 899 2792 1162 2873; x_wconf 88' lang='lat' dir='ltr'>confeci,</span> <span class='ocrx_word' id='word_1_178' title='bbox 1230 2792 1459 2875; x_wconf 89' lang='lat' dir='ltr'>quibus</span> <span class='ocrx_word' id='word_1_179' title='bbox 1505 2811 1749 2872; x_wconf 89' lang='lat' dir='ltr'>eorum,</span> <span class='ocrx_word' id='word_1_180' title='bbox 1817 2793 1926 2874; x_wconf 93' lang='lat' dir='ltr'>qui</span> <span class='ocrx_word' id='word_1_181' title='bbox 1968 2793 2068 2858; x_wconf 92' lang='lat' dir='ltr'>his</span> <span class='ocrx_word' id='word_1_182' title='bbox 2111 2794 2342 2859; x_wconf 91' lang='lat' dir='ltr'>litteris</span> <span class='ocrx_word' id='word_1_183' title='bbox 2389 2799 2521 2861; x_wconf 90' lang='lat' dir='ltr'>stu-</span> 
     </span>
     <span class='ocr_line' id='line_1_22' title="bbox 279 2912 2522 2997; baseline 0.002 -20"><span class='ocrx_word' id='word_1_184' title='bbox 279 2913 461 2994; x_wconf 89' lang='lat' dir='ltr'>dent,</span> <span class='ocrx_word' id='word_1_185' title='bbox 529 2913 851 2979; x_wconf 90' lang='lat' dir='ltr'>commodo</span> <span class='ocrx_word' id='word_1_186' title='bbox 920 2932 1110 2995; x_wconf 87' lang='lat' dir='ltr'>quam</span> <span class='ocrx_word' id='word_1_187' title='bbox 1164 2913 1436 2977; x_wconf 84' lang='lat' dir='ltr'>maxime</span> <span class='ocrx_word' id='word_1_188' title='bbox 1502 2913 1859 2977; x_wconf 89' lang='lat' dir='ltr'>consultum</span> <span class='ocrx_word' id='word_1_189' title='bbox 1908 2912 2260 2994; x_wconf 83' lang='lat' dir='ltr'>videretur,</span> <span class='ocrx_word' id='word_1_190' title='bbox 2331 2920 2522 2997; x_wconf 91' lang='lat' dir='ltr'>atque</span> 
     </span>
     <span class='ocr_line' id='line_1_23' title="bbox 280 3032 2521 3116; baseline 0.001 -19"><span class='ocrx_word' id='word_1_191' title='bbox 280 3050 498 3098; x_wconf 91' lang='lat' dir='ltr'>eorum</span> <span class='ocrx_word' id='word_1_192' title='bbox 542 3032 813 3114; x_wconf 91' lang='lat' dir='ltr'>quidem,</span> <span class='ocrx_word' id='word_1_193' title='bbox 861 3051 1018 3114; x_wconf 91' lang='lat' dir='ltr'>quos</span> <span class='ocrx_word' id='word_1_194' title='bbox 1064 3033 1184 3098; x_wconf 90' lang='lat' dir='ltr'>toti</span> <span class='ocrx_word' id='word_1_195' title='bbox 1229 3032 1404 3113; x_wconf 89' lang='lat' dir='ltr'>operi</span> <span class='ocrx_word' id='word_1_196' title='bbox 1448 3032 1701 3112; x_wconf 89' lang='lat' dir='ltr'>subieci,</span> <span class='ocrx_word' id='word_1_197' title='bbox 1752 3034 2029 3116; x_wconf 89' lang='lat' dir='ltr'>priorem</span> <span class='ocrx_word' id='word_1_198' title='bbox 2074 3053 2339 3116; x_wconf 35' lang='lat' dir='ltr'>operam*</span> <span class='ocrx_word' id='word_1_199' title='bbox 2376 3033 2521 3100; x_wconf 91' lang='lat' dir='ltr'>dedi</span> 
     </span>
     <span class='ocr_line' id='line_1_24' title="bbox 276 3152 2519 3236; baseline 0.001 -19"><span class='ocrx_word' id='word_1_200' title='bbox 276 3159 348 3218; x_wconf 91' lang='lat' dir='ltr'>ut</span> <span class='ocrx_word' id='word_1_201' title='bbox 389 3172 471 3218; x_wconf 93' lang='grc'>110</span> <span class='ocrx_word' id='word_1_202' title='bbox 514 3153 655 3235; x_wconf 91' lang='lat' dir='ltr'>quis</span> <span class='ocrx_word' id='word_1_203' title='bbox 699 3153 1044 3235; x_wconf 90' lang='lat' dir='ltr'>pleniorem</span> <span class='ocrx_word' id='word_1_204' title='bbox 1099 3152 1464 3218; x_wconf 90' lang='lat' dir='ltr'>desiderare</span> <span class='ocrx_word' id='word_1_205' title='bbox 1517 3158 1759 3233; x_wconf 88' lang='lat' dir='ltr'>posset,</span> <span class='ocrx_word' id='word_1_206' title='bbox 1829 3154 2030 3219; x_wconf 90' lang='lat' dir='ltr'>altero</span> <span class='ocrx_word' id='word_1_207' title='bbox 2087 3172 2317 3235; x_wconf 91' lang='lat' dir='ltr'>operae</span> <span class='ocrx_word' id='word_1_208' title='bbox 2375 3173 2519 3236; x_wconf 92' lang='lat' dir='ltr'>pre-</span> 
     </span>
     <span class='ocr_line' id='line_1_25' title="bbox 276 3270 2520 3354; baseline 0.001 -17"><span class='ocrx_word' id='word_1_209' title='bbox 276 3274 437 3338; x_wconf 91' lang='lat' dir='ltr'>tium</span> <span class='ocrx_word' id='word_1_210' title='bbox 481 3291 584 3338; x_wconf 93' lang='lat' dir='ltr'>me</span> <span class='ocrx_word' id='word_1_211' title='bbox 626 3270 940 3338; x_wconf 84' lang='lat' dir='ltr'>facturum</span> <span class='ocrx_word' id='word_1_212' title='bbox 964 3272 1337 3352; x_wconf 88' lang='lat' dir='ltr'>arbitrabar,</span> <span class='ocrx_word' id='word_1_213' title='bbox 1385 3272 1439 3336; x_wconf 92' lang='lat' dir='ltr'>si</span> <span class='ocrx_word' id='word_1_214' title='bbox 1484 3273 1784 3353; x_wconf 88' lang='lat' dir='ltr'>neglectis</span> <span class='ocrx_word' id='word_1_215' title='bbox 1830 3274 2059 3338; x_wconf 88' lang='lat' dir='ltr'>ceteris</span> <span class='ocrx_word' id='word_1_216' title='bbox 2105 3274 2520 3354; x_wconf 88' lang='lat' dir='ltr'>scriptoribus</span> 
     </span>
     <span class='ocr_line' id='line_1_26' title="bbox 276 3392 2519 3475; baseline 0.001 -19"><span class='ocrx_word' id='word_1_217' title='bbox 276 3392 829 3474; x_wconf 89' lang='lat' dir='ltr'>grammaticorum</span> <span class='ocrx_word' id='word_1_218' title='bbox 877 3392 1268 3475; x_wconf 91' lang='lat' dir='ltr'>aliorumque</span> <span class='ocrx_word' id='word_1_219' title='bbox 1310 3393 1480 3458; x_wconf 89' lang='lat' dir='ltr'>locos</span> <span class='ocrx_word' id='word_1_220' title='bbox 1525 3410 1661 3472; x_wconf 74' lang='grc'><strong>003,</strong></span> <span class='ocrx_word' id='word_1_221' title='bbox 1707 3392 1815 3472; x_wconf 93' lang='lat' dir='ltr'>qui</span> <span class='ocrx_word' id='word_1_222' title='bbox 1856 3392 1922 3456; x_wconf 93' lang='lat' dir='ltr'>in</span> <span class='ocrx_word' id='word_1_223' title='bbox 1967 3392 2158 3457; x_wconf 88' lang='lat' dir='ltr'>rebus</span> <span class='ocrx_word' id='word_1_224' title='bbox 2179 3431 2185 3436; x_wconf 85' lang='lat'><em>-</em></span> <span class='ocrx_word' id='word_1_225' title='bbox 2203 3410 2519 3475; x_wconf 88' lang='lat' dir='ltr'>gramma-</span> 
     </span>
    </p>
   </div>
   <div class='ocr_carea' id='block_1_5' title="bbox 322 3515 735 3524">
    <p class='ocr_par' dir='ltr' id='par_1_5' title="bbox 322 3515 735 3524">
     <span class='ocr_line' id='line_1_27' title="bbox 322 3515 735 3524; baseline 0 1404"><span class='ocrx_word' id='word_1_226' title='bbox 322 3515 735 3524; x_wconf 95' lang='lat' dir='ltr'> </span> 
     </span>
    </p>
   </div>
   <div class='ocr_carea' id='block_1_6' title="bbox 272 3580 2523 4425">
    <p class='ocr_par' dir='ltr' id='par_1_6' title="bbox 273 3580 2522 3912">
     <span class='ocr_line' id='line_1_28' title="bbox 412 3580 2517 3650; baseline 0.001 -18"><span class='ocrx_word' id='word_1_227' title='bbox 412 3580 465 3645; x_wconf 80' lang='grc'>*)</span> <span class='ocrx_word' id='word_1_228' title='bbox 499 3582 566 3632; x_wconf 89' lang='lat' dir='ltr'>In</span> <span class='ocrx_word' id='word_1_229' title='bbox 599 3599 656 3633; x_wconf 84' lang='lat' dir='ltr'>re</span> <span class='ocrx_word' id='word_1_230' title='bbox 691 3583 1100 3650; x_wconf 80' lang='lat' dir='ltr'>orthographica</span> <span class='ocrx_word' id='word_1_231' title='bbox 1115 3583 1373 3634; x_wconf 84' lang='lat' dir='ltr'>Lobeckii</span> <span class='ocrx_word' id='word_1_232' title='bbox 1405 3598 1604 3633; x_wconf 90' lang='lat' dir='ltr'>morem</span> <span class='ocrx_word' id='word_1_233' title='bbox 1638 3587 1851 3633; x_wconf 81' lang='lat' dir='ltr'>secutus</span> <span class='ocrx_word' id='word_1_234' title='bbox 1887 3597 2018 3637; x_wconf 81' lang='lat' dir='ltr'>sum.</span> <span class='ocrx_word' id='word_1_235' title='bbox 2058 3583 2163 3633; x_wconf 85' lang='lat' dir='ltr'>nisi</span> <span class='ocrx_word' id='word_1_236' title='bbox 2203 3583 2359 3650; x_wconf 91' lang='lat' dir='ltr'>quod,</span> <span class='ocrx_word' id='word_1_237' title='bbox 2399 3599 2517 3635; x_wconf 90' lang='lat' dir='ltr'>cum</span> 
     </span>
     <span class='ocr_line' id='line_1_29' title="bbox 276 3668 2521 3733; baseline 0.001 -14"><span class='ocrx_word' id='word_1_238' title='bbox 276 3672 416 3719; x_wconf 83' lang='lat' dir='ltr'>totus</span> <span class='ocrx_word' id='word_1_239' title='bbox 453 3668 586 3718; x_wconf 88' lang='lat' dir='ltr'>liber</span> <span class='ocrx_word' id='word_1_240' title='bbox 620 3668 748 3718; x_wconf 90' lang='lat' dir='ltr'>mihi</span> <span class='ocrx_word' id='word_1_241' title='bbox 785 3670 1160 3722; x_wconf 82' lang='lat' dir='ltr'>describendus</span> <span class='ocrx_word' id='word_1_242' title='bbox 1197 3675 1361 3733; x_wconf 82' lang='lat' dir='ltr'>esset,</span> <span class='ocrx_word' id='word_1_243' title='bbox 1414 3669 1623 3721; x_wconf 85' lang='lat' dir='ltr'>duabus</span> <span class='ocrx_word' id='word_1_244' title='bbox 1657 3671 1712 3719; x_wconf 90' lang='lat' dir='ltr'>in</span> <span class='ocrx_word' id='word_1_245' title='bbox 1748 3669 1903 3720; x_wconf 83' lang='lat' dir='ltr'>rebus</span> <span class='ocrx_word' id='word_1_246' title='bbox 1940 3685 2057 3720; x_wconf 88' lang='lat' dir='ltr'>meo</span> <span class='ocrx_word' id='word_1_247' title='bbox 2092 3686 2176 3721; x_wconf 88' lang='lat' dir='ltr'>me</span> <span class='ocrx_word' id='word_1_248' title='bbox 2209 3687 2365 3721; x_wconf 87' lang='lat' dir='ltr'>usum</span> <span class='ocrx_word' id='word_1_249' title='bbox 2402 3686 2521 3722; x_wconf 82' lang='lat' dir='ltr'>esse</span> 
     </span>
     <span class='ocr_line' id='line_1_30' title="bbox 276 3751 2522 3826; baseline 0.002 -22"><span class='ocrx_word' id='word_1_250' title='bbox 276 3769 393 3805; x_wconf 82' lang='lat' dir='ltr'>sero</span> <span class='ocrx_word' id='word_1_251' title='bbox 430 3754 792 3815; x_wconf 84' lang='lat' dir='ltr'>animadverti,</span> <span class='ocrx_word' id='word_1_252' title='bbox 830 3751 1157 3822; x_wconf 78' lang='grc' dir='ltr'><em>προσβάλλω</em></span> <span class='ocrx_word' id='word_1_253' title='bbox 1204 3756 1343 3822; x_wconf 90' lang='lat' dir='ltr'>quod</span> <span class='ocrx_word' id='word_1_254' title='bbox 1381 3756 1574 3821; x_wconf 82' lang='lat' dir='ltr'>scripsi</span> <span class='ocrx_word' id='word_1_255' title='bbox 1619 3760 1672 3806; x_wconf 84' lang='lat' dir='ltr'>et</span> <span class='ocrx_word' id='word_1_256' title='bbox 1707 3757 1902 3819; x_wconf 61' lang='lat' dir='ltr'>sirum„</span> <span class='ocrx_word' id='word_1_257' title='bbox 1946 3772 2053 3807; x_wconf 89' lang='lat' dir='ltr'>non</span> <span class='ocrx_word' id='word_1_258' title='bbox 2096 3762 2157 3808; x_wconf 88' lang='lat' dir='ltr'>ut</span> <span class='ocrx_word' id='word_1_259' title='bbox 2187 3756 2325 3808; x_wconf 92' lang='lat' dir='ltr'>Lob.</span> <span class='ocrx_word' id='word_1_260' title='bbox 2362 3774 2522 3826; x_wconf 82' lang='grc' dir='ltr'><em>προς-</em></span> 
     </span>
     <span class='ocr_line' id='line_1_31' title="bbox 273 3834 1350 3912; baseline 0.002 -23"><span class='ocrx_word' id='word_1_261' title='bbox 273 3834 476 3912; x_wconf 61' lang='grc' dir='ltr'><em>βρλλω,</em></span> <span class='ocrx_word' id='word_1_262' title='bbox 520 3846 573 3890; x_wconf 89' lang='grc'>01</span> <span class='ocrx_word' id='word_1_263' title='bbox 608 3840 749 3905; x_wconf 90' lang='lat' dir='ltr'>quod</span> <span class='ocrx_word' id='word_1_264' title='bbox 783 3842 802 3889; x_wconf 93' lang='lat' dir='ltr'>i</span> <span class='ocrx_word' id='word_1_265' title='bbox 838 3847 892 3891; x_wconf 89' lang='lat' dir='ltr'>et</span> <span class='ocrx_word' id='word_1_266' title='bbox 917 3842 940 3907; x_wconf 86' lang='lat' dir='ltr'><strong>j</strong></span> <span class='ocrx_word' id='word_1_267' title='bbox 978 3858 1084 3892; x_wconf 89' lang='lat' dir='ltr'>non</span> <span class='ocrx_word' id='word_1_268' title='bbox 1120 3843 1350 3893; x_wconf 83' lang='lat' dir='ltr'>distinxi.</span> 
     </span>
    </p>

    <p class='ocr_par' dir='ltr' id='par_1_7' title="bbox 272 3926 2523 4425">
     <span class='ocr_line' id='line_1_32' title="bbox 417 3926 2518 3992; baseline 0.001 -16"><span class='ocrx_word' id='word_1_269' title='bbox 417 3926 595 3976; x_wconf 84' lang='lat' dir='ltr'>Locos</span> <span class='ocrx_word' id='word_1_270' title='bbox 633 3927 945 3991; x_wconf 84' lang='lat' dir='ltr'>scriptorum</span> <span class='ocrx_word' id='word_1_271' title='bbox 1002 3944 1035 3978; x_wconf 86' lang='lat' dir='ltr'>a</span> <span class='ocrx_word' id='word_1_272' title='bbox 1068 3928 1204 3979; x_wconf 91' lang='lat' dir='ltr'>Lob.</span> <span class='ocrx_word' id='word_1_273' title='bbox 1240 3928 1431 3978; x_wconf 82' lang='lat' dir='ltr'>allatos</span> <span class='ocrx_word' id='word_1_274' title='bbox 1465 3942 1574 3977; x_wconf 90' lang='grc'><strong>11011</strong></span> <span class='ocrx_word' id='word_1_275' title='bbox 1626 3942 1719 3991; x_wconf 90' lang='lat' dir='ltr'>per</span> <span class='ocrx_word' id='word_1_276' title='bbox 1765 3943 1849 3978; x_wconf 90' lang='lat' dir='ltr'>me</span> <span class='ocrx_word' id='word_1_277' title='bbox 1884 3928 2027 3977; x_wconf 86' lang='lat' dir='ltr'>stetit</span> <span class='ocrx_word' id='word_1_278' title='bbox 2062 3929 2339 3992; x_wconf 83' lang='lat' dir='ltr'>quominus</span> <span class='ocrx_word' id='word_1_279' title='bbox 2377 3928 2518 3979; x_wconf 84' lang='lat' dir='ltr'>evol-</span> 
     </span>
     <span class='ocr_line' id='line_1_33' title="bbox 276 4011 2520 4079; baseline 0.001 -18"><span class='ocrx_word' id='word_1_280' title='bbox 276 4025 455 4061; x_wconf 81' lang='lat' dir='ltr'>verem</span> <span class='ocrx_word' id='word_1_281' title='bbox 494 4027 692 4076; x_wconf 80' lang='lat' dir='ltr'>omnes,</span> <span class='ocrx_word' id='word_1_282' title='bbox 730 4014 778 4062; x_wconf 86' lang='lat' dir='ltr'>si</span> <span class='ocrx_word' id='word_1_283' title='bbox 812 4014 939 4079; x_wconf 90' lang='lat' dir='ltr'>quid</span> <span class='ocrx_word' id='word_1_284' title='bbox 972 4014 1095 4065; x_wconf 81' lang='lat' dir='ltr'>falsi</span> <span class='ocrx_word' id='word_1_285' title='bbox 1131 4018 1247 4065; x_wconf 82' lang='lat' dir='ltr'>erat</span> <span class='ocrx_word' id='word_1_286' title='bbox 1281 4015 1623 4078; x_wconf 86' lang='lat' dir='ltr'>corrigerem,</span> <span class='ocrx_word' id='word_1_287' title='bbox 1661 4011 1755 4062; x_wconf 79' lang='lat' dir='ltr'>sed</span> <span class='ocrx_word' id='word_1_288' title='bbox 1787 4028 1881 4077; x_wconf 89' lang='lat' dir='ltr'>per</span> <span class='ocrx_word' id='word_1_289' title='bbox 1913 4013 2166 4063; x_wconf 87' lang='lat' dir='ltr'>librorum</span> <span class='ocrx_word' id='word_1_290' title='bbox 2199 4014 2430 4079; x_wconf 86' lang='lat' dir='ltr'>inopiam</span> <span class='ocrx_word' id='word_1_291' title='bbox 2467 4021 2520 4064; x_wconf 88' lang='lat' dir='ltr'>et</span> 
     </span>
     <span class='ocr_line' id='line_1_34' title="bbox 274 4098 2518 4165; baseline -0.001 -17"><span class='ocrx_word' id='word_1_292' title='bbox 274 4100 549 4163; x_wconf 75' lang='lat' dir='ltr'>angustias</span> <span class='ocrx_word' id='word_1_293' title='bbox 585 4103 834 4163; x_wconf 83' lang='lat' dir='ltr'>temporis</span> <span class='ocrx_word' id='word_1_294' title='bbox 870 4106 993 4151; x_wconf 85' lang='lat' dir='ltr'>ante</span> <span class='ocrx_word' id='word_1_295' title='bbox 1026 4100 1150 4151; x_wconf 89' lang='lat' dir='ltr'>mihi</span> <span class='ocrx_word' id='word_1_296' title='bbox 1186 4099 1465 4165; x_wconf 83' lang='lat' dir='ltr'>praefiniti.</span> <span class='ocrx_word' id='word_1_297' title='bbox 1536 4099 1636 4148; x_wconf 83' lang='lat' dir='ltr'>Est</span> <span class='ocrx_word' id='word_1_298' title='bbox 1670 4113 1824 4163; x_wconf 88' lang='lat' dir='ltr'>quem</span> <span class='ocrx_word' id='word_1_299' title='bbox 1869 4114 1903 4148; x_wconf 87' lang='lat' dir='ltr'>a</span> <span class='ocrx_word' id='word_1_300' title='bbox 1936 4098 2071 4150; x_wconf 87' lang='lat' dir='ltr'>Lob.</span> <span class='ocrx_word' id='word_1_301' title='bbox 2124 4099 2273 4149; x_wconf 89' lang='lat' dir='ltr'>nullo</span> <span class='ocrx_word' id='word_1_302' title='bbox 2308 4102 2518 4149; x_wconf 87' lang='lat' dir='ltr'>nomine</span> 
     </span>
     <span class='ocr_line' id='line_1_35' title="bbox 273 4180 2523 4253; baseline -0.001 -20"><span class='ocrx_word' id='word_1_303' title='bbox 273 4198 371 4234; x_wconf 88' lang='grc'><strong>1100</strong></span> <span class='ocrx_word' id='word_1_304' title='bbox 405 4200 625 4236; x_wconf 85' lang='lat' dir='ltr'>numero</span> <span class='ocrx_word' id='word_1_305' title='bbox 678 4192 916 4239; x_wconf 85' lang='lat' dir='ltr'>notatum</span> <span class='ocrx_word' id='word_1_306' title='bbox 968 4203 1036 4237; x_wconf 90' lang='grc'>110</span> <span class='ocrx_word' id='word_1_307' title='bbox 1091 4201 1191 4253; x_wconf 83' lang='lat' dir='ltr'>ego</span> <span class='ocrx_word' id='word_1_308' title='bbox 1237 4185 1446 4252; x_wconf 88' lang='lat' dir='ltr'>quidem</span> <span class='ocrx_word' id='word_1_309' title='bbox 1489 4184 1743 4250; x_wconf 83' lang='lat' dir='ltr'>indagare</span> <span class='ocrx_word' id='word_1_310' title='bbox 1786 4186 2045 4249; x_wconf 83' lang='lat' dir='ltr'>potuerim</span> <span class='ocrx_word' id='word_1_311' title='bbox 2099 4181 2173 4249; x_wconf 90' lang='lat' dir='ltr'>(p.</span> <span class='ocrx_word' id='word_1_312' title='bbox 2207 4180 2313 4235; x_wconf 79' lang='lat'>280</span> <span class='ocrx_word' id='word_1_313' title='bbox 2346 4183 2523 4244; x_wconf 61' lang='lat' dir='ltr'>med),</span> 
     </span>
     <span class='ocr_line' id='line_1_36' title="bbox 280 4267 2519 4346; baseline -0 -27"><span class='ocrx_word' id='word_1_314' title='bbox 280 4275 402 4321; x_wconf 79' lang='lat' dir='ltr'>sunt</span> <span class='ocrx_word' id='word_1_315' title='bbox 437 4286 574 4336; x_wconf 81' lang='lat' dir='ltr'>quos</span> <span class='ocrx_word' id='word_1_316' title='bbox 612 4288 729 4322; x_wconf 88' lang='lat' dir='ltr'>cum</span> <span class='ocrx_word' id='word_1_317' title='bbox 766 4275 1001 4324; x_wconf 84' lang='lat' dir='ltr'>invenire</span> <span class='ocrx_word' id='word_1_318' title='bbox 1050 4288 1156 4323; x_wconf 90' lang='grc'><strong>11011</strong></span> <span class='ocrx_word' id='word_1_319' title='bbox 1197 4287 1427 4337; x_wconf 81' lang='lat' dir='ltr'>possem,</span> <span class='ocrx_word' id='word_1_320' title='bbox 1464 4274 1524 4321; x_wconf 88' lang='lat' dir='ltr'>ut</span> <span class='ocrx_word' id='word_1_321' title='bbox 1556 4270 1861 4321; x_wconf 84' lang='lat' dir='ltr'>Lobeckius</span> <span class='ocrx_word' id='word_1_322' title='bbox 1916 4270 2082 4346; x_wconf 76' lang='lat' dir='ltr'>falsos</span> <span class='ocrx_word' id='word_1_323' title='bbox 2136 4284 2292 4334; x_wconf 88' lang='lat' dir='ltr'>quam</span> <span class='ocrx_word' id='word_1_324' title='bbox 2345 4267 2519 4318; x_wconf 74' lang='lat' dir='ltr'>nullos</span> 
     </span>
     <span class='ocr_line' id='line_1_37' title="bbox 272 4352 1479 4425; baseline 0.002 -18"><span class='ocrx_word' id='word_1_325' title='bbox 272 4372 464 4421; x_wconf 87' lang='lat' dir='ltr'>ponere</span> <span class='ocrx_word' id='word_1_326' title='bbox 500 4359 770 4410; x_wconf 86' lang='lat' dir='ltr'>maluerim</span> <span class='ocrx_word' id='word_1_327' title='bbox 811 4366 870 4410; x_wconf 88' lang='grc'>111</span> <span class='ocrx_word' id='word_1_328' title='bbox 902 4376 951 4425; x_wconf 88' lang='lat' dir='ltr'>p.</span> <span class='ocrx_word' id='word_1_329' title='bbox 989 4356 1058 4412; x_wconf 77' lang='lat'>93</span> <span class='ocrx_word' id='word_1_330' title='bbox 1096 4375 1161 4409; x_wconf 91' lang='lat' dir='ltr'>m.</span> <span class='ocrx_word' id='word_1_331' title='bbox 1199 4358 1322 4409; x_wconf 88' lang='lat' dir='ltr'>EM.</span> <span class='ocrx_word' id='word_1_332' title='bbox 1360 4352 1479 4410; x_wconf 88' lang='lat'><strong>770.</strong></span> 
     </span>
    </p>
   </div>
  </div>
 </body>
</html>
