2946 4928
421 310 507 381 94
1197 309 1756 380 DISSERTATIO
1818 312 1927 384 VI.

592 474 712 541 111.
796 477 851 544 ῖ·
919 478 986 540 et
1026 476 1078 544 ‘5
1124 491 1251 539 non
1302 479 1571 557 posstmt
1636 473 1822 541 aliter
1883 473 2167 541 contrahi
2236 491 2426 556 quam
2487 475 2554 541 in
2598 477 2666 545 ὅῗ

420 576 499 645 Id
562 596 714 643 raro
772 574 847 642 fit
913 577 1111 659 epsiio
1157 577 1340 658 stirpi
1403 573 1625 656 infixe,
1691 582 1765 642 ut
1817 582 1921 642 est·
1972 578 2042 643 in
2083 576 2328 643 duobus
2370 577 2665 660 propriis»,

421 698 583 762 quae
640 679 1039 745 Herodianus
1087 679 1253 744 Mon.
1322 698 1383 760 p.
1427 677 1487 744 9.
1535 678 1616 744 32
1686 680 1772 762 (p.
1819 679 1901 745 25
1927 680 2049 763 L.)
2115 684 2412 745 accentus
2473 697 2666 745 causa

421 783 697 865 apponit,
742 781 1080 866 Δεξικριῦν
1124 787 1190 846 et
1243 776 1621 868 Ἑρμοκρῶν
1686 780 1870 847 ambo
1936 800 2078 847 cum
2142 780 2425 847 obsoleto
2470 783 2664 866 παρέω,

423 882 666 971 κρείων
711 885 929 950 iuncta
968 883 1137 949 unde
1180 881 1612 973 Δεξικράτης,
1647 879 2092 972 Ἑρμοκράτης
2132 884 2428 966 pendent.
2504 882 2666 949 Sim-

419 988 564 1069 plex
610 989 841 1073 Κρέωι·
887 987 1120 1069 ubique
1186 987 1371 1069 plene
1440 987 1765 1067 scribitur,
1835 987 1949 1055 sed
2016 988 2197 1068 quasi
2251 1007 2379 1055 una
2422 986 2670 1070 syllaba.

418 1090 867 1172 pronunciatur
910 1090 983 1174 in
1022 1088 1209 1172 Soph.
1254 1090 1399 1155 Ant.
1451 1088 1592 1169 156,
1640 1090 1694 1154 si
1739 1091 2061 1171 sequimur
2105 1095 2389 1157 veterum
2431 1089 2661 1155 editio-

419 1211 570 1258 num
637 1193 1015 1275 scripturam
1084 1212 1123 1258 a
1188 1190 1514 1259 Dindorfio
1580 1197 1964 1257 renovatam.
2026 1230 2095 1238 -—
2165 1192 2262 1256 De
2328 1191 2664 1274 participio

422 1293 717 1363 ἐκπνέων
760 1295 985 1361 Aesch.
1031 1295 1145 1376 Ag.
1181 1293 1345 1363 1493
1388 1293 1582 1378 (1461
1631 1295 1876 1379 Herm.)
1921 1295 2089 1361 idem
2134 1294 2398 1375 dubitat,
2444 1299 2663 1360 utrum

418 1398 870 1480 synecphonesi
934 1397 1170 1464 factum
1236 1398 1321 1463 sit
1364 1397 1751 1480 ,bisyllabum
1796 1418 1879 1463 an
1923 1398 2087 1464 crasi
2131 1397 2388 1464 ἕκηνῶν
2428 1402 2504 1461 ut
2547 1394 2663 1464 ἐὰν
2745 1420 2754 1424 ·

422 1503 504 1590 δῇ
521 1551 533 1575 ,
584 1500 698 1568 ἐὰν
730 1505 933 1587 νῆιαι
951 1552 967 1582 ,
1029 1501 1142 1566 sed
1195 1499 1310 1565 hos
1355 1501 1646 1583 scopulos
1692 1502 2066 1584 enavagavit
2107 1500 2507 1567 Hermannus
2554 1499 2664 1566 ἐκ-

421 1601 706 1682 πνεύσας
734 1603 1032 1669 scribens.
1125 1602 1251 1669 Sed
1274 1609 1518 1669 certum
1543 1604 1730 1669 huius
1754 1604 2196 1670 modulationis
2220 1604 2664 1686 documentum

417 1705 684 1788 praebet
745 1706 1147 1788 participium
1212 1707 1277 1771 in
1342 1707 1652 1789 principio
1694 1725 1916 1773 versus
1986 1705 2209 1772 πλέων
2253 1704 2367 1772 ἐπὶ
2414 1702 2664 1784 οἷένοπα

423 1807 667 1875 πόντον
693 1806 809 1874 Od.
835 1809 868 1872 I
896 1807 1033 1888 183,
1079 1810 1340 1875 tertium
1387 1809 1563 1877 δέων.
1582 1811 2038 1892 Aristophanes
2068 1809 2377 1873 contraxit
2401 1804 2666 1877 ἀναδῶν

418 1910 586 1977 Plut.
634 1909 779 1989 589,
826 1911 940 1975 sed
984 1910 1103 1976 hoc
1146 1930 1186 1977 a
1229 1911 1422 1978 verbo
1467 1913 1551 1977 ad
1595 1914 2086 1979 contractionem
2127 1912 2401 1993 proclivi.
2430 1949 2500 1959 —
2530 1911 2662 1977 No-

418 2013 655 2078 minum
722 2014 951 2078 tertiae
1019 2013 1453 2101 declinationis
1501 2017 1624 2081 duo
1689 2016 1929 2097 epsilon
1973 2015 2174 2081 vocali
2238 2015 2663 2096 antepositum

417 2115 670 2197 habent,
716 2115 782 2181 id
823 2116 889 2181 in
924 2117 1206 2199 synthesi
1227 2118 1546 2183 interdum
1562 2119 1670 2183 vel
1690 2124 1896 2184 totum
1918 2119 2243 2183 amittunt:
2290 2115 2662 2205 κρωὸαιίῇς

419 2213 461 2284 ὁ
494 2216 766 2305 δαιτρός
788 2218 1082 2301 Hesych.‚
1128 2221 1307 2285 cuius
1336 2218 1562 2286 facillis
1587 2222 1890 2287 correctio
1913 2220 1973 2305 [1
1986 2221 2158 2305 254J,
2205 2219 2306 2285 vel
2328 2218 2658 2285 obscurius

418 2325 741 2403 promunt:
790 2319 1190 2408 κρεωπιῦλης
1223 2319 1710 2406 trisyllabum'in
1731 2324 2056 2390 Machonis
2101 2341 2318 2403 versu3
2361 2322 2658 2404 idemque

419 2421 492 2490 fit
534 2422 603 2489 in
642 2422 975 2490 Homerico
1042 2417 1210 2511 ἦμος
1254 2425 1314 2492 δ’
1365 2423 1713 2515 ἑωσφόρος
1764 2418 1893 2494 εἶσι
1937 2427 2011 2492 11.
2056 2425 2277 2492 XXIII
2319 2425 2465 2506 226,
2530 2444 2660 2508 quo

416 2531 605 2608 poeta
650 2526 846 2593 semel
891 2527 1091 2593 utitur
1134 2528 1401 2611 simplici
1445 2528 1572 2608 ἕως
1615 2530 1938 2595 abstinens
1952 2580 1967 2611 ,
2013 2534 2081 2595 et
2122 2530 2188 2594 id
2231 2547 2478 2611 quoque
2524 2529 2658 2595 evi-

416 2630 541 2696 tari
582 2635 837 2712 poterat
879 2631 1113 2697 omissa
1154 2632 1467 2713 particula
1510 2632 1910 2697 adversativa
1951 2638 2026 2698 ut
2068 2633 2135 2696 in
2157 2632 2345 2697 schol.
2370 2631 2648 2697 xxml

418 2734 721 2815 scriptum
767 2728 882 2799 est}
970 2732 1366 2817 Dactylicum
1385 2734 1659 2799 Pindaro
1687 2734 1971 2817 restituit
1997 2735 2398 2800 Hermannus
2422 2732 2655 2816 Opusc.

417 2836 485 2903 T.
531 2837 656 2903 VH
703 2836 826 2902 172
871 2856 910 2902 a
955 2835 1423 2903 Schneidewino
1464 2842 1807 2919 receptum.
1895 2838 2226 2902 Feminam
2266 2834 2438 2924 χρεώ
2483 2836 2659 2919 apud

414 2939 761 3006 Homerum
804 2933 937 3021 pro'
963 2959 1090 3004 una
1150 2940 1392 3022 syllaba
1435 2941 1622 3005 valet.
1673 2978 1742 2987 -
1797 2939 2162 3006 Genitivum
2204 2944 2384 3005 θεῶν
2426 2944 2656 3021 poetae

414 3043 770 3124 promiscue
813 3041 937 3106 huc
978 3041 1310 3108 brevitatis
1352 3043 1665 3125 redigunt,
1711 3062 1909 3126 quare
1950 3062 2075 3108 non
2117 3047 2290 3108 recte
2336 3041 2657 3108 confertur

415 3162 559 3210 cum
622 3144 1001 3210 nominatico
1052 3139 1241 3222 θεός,
1311 3145 1389 3210 de
1456 3163 1581 3228 quo
1637 3165 1832 3227 supra
1873 3146 2109 3210 dictum
2154 3150 2256 3210 est
2266 3146 2347 3229 *).
2397 3181 2467 3193 --
2517 3144 2654 3209 Ad—

413 3249 771 3313 verbiorum
816 3263 1011 3312 unum
1061 3246 1298 3314 νεωστί
1341 3248 1733 3312 imminuitur
1786 3249 2066 3313 trochaei
2117 3249 2320 3321 instar
2361 3248 2677 3318 obtinens

412 3351 564 3417 Eur.
609 3351 744 3433 Iph.
793 3351 849 3415 A
894 3348 1037 3415 601.
1090 3388 1160 3397 —
1225 3350 1377 3415 Plus
1443 3350 1781 3416 turbarum
1843 3351 2019 3416 dedit
2079 3351 2434 3416 'coniunctio
2501 3348 2652 3429 ἕως.

414 3454 731 3534 Metricos
775 3455 885 3537 qui
928 3473 1181 3519 versum
1225 3453 1632 3518 Homericum
1676 3451 1804 3532 ἕως
1848 3449 1883 3517 ὁ
1930 3433 2125 3520 w'fffl’
2176 3451 2464 3540 ὥρμαινε
2503 3471 2656 3533 pro-

414 3556 693 3638 cephalis
760 3557 1273 3637 adnumerarunt,
1342 3555 1612 3621 Tzetzes
1664 3555 1857 3639 Exeg.
1901 3575 1962 3637 p.
2007 3554 2108 3634 60,
2173 3555 2355 3620 Eust.
2398 3554 2501 3619 80.
2545 3554 2655 3636 43,

413 3657 817 3724 manifestum
861 3663 961 3723 est
1004 3658 1247 3739 epsilon
1298 3658 1657 3740 syllabatim
1701 3659 2083 3748 enuntiasse.
2172 3657 2299 3723 Sed
2338 3659 2492 3740 quia
2531 3657 2656 3721 hoc

551 3865 610 3931 *)
649 3866 721 3918 In
768 3865 1011 3918 schedula
1070 3864 1297 3932 quadam
1345 3863 1619 3931 inscripta:
1691 3862 1973 3916 Fon-tau.
2026 3863 2326 3916 addenda
2374 3880 2489 3915 cum
2540 3864 2654 3915 alia

414 3951 2655 4019 mmmffaoewmviaemlqsmuoemffldfiyipofflmnaoamm

412 4046 507 4090 aut
536 4039 919 4105 spir-'turmo
945 4038 1210 4105 pleraque,
1241 4045 1355 4089 um
1382 4037 1476 4089 lm
1507 4037 1718 4105 tofina-z
1753 4032 1976 4100 „mirra
2012 4036 2166 4089 essu
2180 4029 2653 4102 ΕπιΒιοὲΙιᾶθΊ,

414 4150 480 4164 -·
499 4128 655 4193 Epici
687 4132 740 4177 et
772 4127 960 4191 tragici
993 4103 1156 4186 aar,
1192 4125 1382 4178 Goettl.
1418 4124 1626 4190 Theog.
1643 4125 1710 4177 «¹4
1733 4148 1801 4160 -—
1825 4123 1986 4176 Θεῶν
2017 4118 2300 4187 monosyss.
2329 4138 2438 4173 non
2461 4119 2650 4184 Hom„

412 4208 509 4266 ωᾶ
542 4215 613 4265 Η.
647 4211 843 4264 incer.
877 4209 965 4271 55,
999 4211 1095 4262 ubi
1126 4211 1281 4263 Voss.
1315 4227 1383 4262 en
1416 4209 1636 4262 Hesiodi
1674 4209 1774 4260 Th.
1837 4210 1958 4261 -·—“.
2029 4207 2265 4259 hm
2318 4215 2486 4258 σιπύη
2537 4206 2651 4257 alia

411 4297 666 4366 walam
699 4299 806 4349 cuis
839 4296 958 4347 locis
992 4296 1203 4345 ἰηεεηιὶ.
