2946 4928
270 420 276 425 ,
370 345 485 411 DE
533 342 1021 425 SYNAERESL
1066 329 1470 411 DIAERESI
1514 348 1631 411 etc.
1697 344 1871 411 P.II.
1919 343 1986 410 O.
2008 343 2089 409 IL
2136 343 2189 429 ξ.
2215 343 2273 409 5.
2355 340 2477 409 109

366 507 507 573 1)·11
589 509 755 574 crasi
816 509 883 573 in
947 507 1284 574 verborum
1348 504 1515 574 flexu
1580 507 1975 592 grammatici
2037 511 2290 587 tacent<
2364 505 2481 572 sed

236 609 316 676 G.
360 609 726 677 Dindorfius
768 611 1148 694 Aeschylum
1204 610 1379 675 Pers.
1432 609 1600 676 1024
1652 630 1767 693 pro
1811 609 2187 692 imperativo
2232 608 2478 676 ἕπιθόα

234 713 562 780 devitandi
627 716 956 803 anapaesti
1020 732 1211 780 causa
1283 710 1503 796 ἐπιβῶ
1572 713 1902 795 scripsisse
1967 717 2294 792 autumat3
2371 711 2479 776 alii

238 815 514 898 synizesi
559 822 928 882 excusatum
970 815 1269 892 habeut(
1302 815 1668 881 Hermanno
1710 821 2008 882 neutrum
2050 814 2478 881 necessarium
2573 866 2578 871 ,

235 918 489 983 videtur
529 924 806 1000 recepto,
853 918 1021 1000 quod
1062 920 1128 984 in
1173 919 1307 985 cod.
1352 919 1495 985 Par.
1538 920 1787 1001 legitur,
1835 918 2104 1000 simplici
2144 915 2301 1002 βόα.

364 1052 367 1059 =
410 1021 486 1086 In
532 1020 980 1102 compositione
1025 1022 1260 1087 vocalis
1305 1022 1647 1089 connexiva
1677 1040 1819 1088 cum
1843 1021 2035 1104 alpha
2056 1020 2479 1103 subsequente

234 1123 611 1205 plerumque
652 1125 720 1190 in
761 1127 818 1194 Εἴ
847 1124 1104 1189 transit:
1144 1118 1640 1208 εΙφτπώνοιξῆ
1687 1126 1875 1211 παρὰ
1921 1123 1998 1191 τὸ
2026 1119 2483 1204 Ἴπποάναξ

237 1226 403 1292 κατὰ
471 1224 844 1313 συναίρεσιν
912 1225 1215 1291 Choerob.
1263 1224 1442 1292 Orth.
1498 1225 1642 1293 225.
1689 1226 1788 1307 33,
1859 1223 2325 1316 Χειρόαναξ
2367 1227 2477 1294 καὶ
2540 1283 2547 1292 .

236 1329 410 1394 κατὰ
455 1333 691 1418 κρᾶσιν
737 1328 1190 1415 Χειρῶναξ,
1240 1324 1696 1408 (Ιππόαναξ
1738 1324 2157 1409 Ἱππῶναξ
2196 1329 2402 1412 Epim.
2446 1329 2478 1395 I

240 1429 392 1497 444.
447 1431 520 1498 15
577 1432 835 1516 [Phryn.
880 1431 1007 1498 674
1051 1431 1190 1515 sq.].
1279 1431 1337 1495 A
1381 1430 1741 1514 Thucydide
1787 1431 2137 1515 Spartanus
2180 1433 2288 1498 ille
2332 1450 2477 1499 con-

239 1538 490 1600 stanter
510 1530 978 1613 Πλειστοάναξ
1009 1534 1155 1618 (hoc
1178 1534 1469 1617 accentu)
1515 1538 1776 1599 vocatur
1797 1535 1856 1600 V
1886 1533 1981 1616 16,
2027 1536 2189 1601 alius
2221 1535 2479 1618 quidam

236 1637 307 1702 in
368 1636 567 1703 Inscr.
616 1634 1038 1715 Πλειστάναξ
1099 1637 1553 1718 praetermissa
1615 1638 1817 1702 vocali
1881 1643 1955 1703 ut
1995 1636 2371 1731 »eodilmog
2413 1642 2481 1703 et

237 1736 580 1818 νεάλωτος.
671 1738 831 1805 Cum
852 1737 1208 1827 Χειρώναξ
1249 1739 1380 1804 Sive
1406 1741 1762 1825 Χειριόναξ
1801 1741 2227 1807 Buttmannus
2272 1743 2326 1826 ξ.
2356 1739 2479 1805 120

238 1843 382 1908 adn.
429 1844 469 1910 6
513 1847 838 1924 comparat
882 1838 965 1908 αὖ
974 1838 1209 1930 θάδης,
1278 1843 1454 1907 cuius
1498 1843 1886 1923 primitivum
1929 1845 2107 1926 ponit
2151 1838 2479 1926 α’ὐτοάδης

239 1950 309 2011 et
367 1946 515 2011 huic
569 1940 922 2028 proximum
967 1941 1298 2032 αῧθώδης.
1410 1945 1549 2009 Hoc
1592 1946 1848 2026 quidem
1891 1945 2118 2029 deficit,
2166 1947 2280 2012 sed
2322 1941 2475 2012 Αὐ-

239 2046 455 2136 τώόης
522 2045 932 2133 ἷὸιογνώμων
994 2037 1259 2130 praebet
1319 2047 1673 2130 Hesychius
1691 2099 1707 2128 ,
1774 2050 2067 2131 idemque
2111 2049 2479 2130 Apollonius

237 2150 423 2215 Pron.
468 2148 554 2214 94
597 2150 806 2216 Ionice
849 2169 965 2233 pro
1012 2147 1316 2238 αὐθάδης
1362 2151 1486 2216 dici
1531 2150 1844 2234 significat
1887 2150 1991 2236 [cf.
2036 2153 2069 2218 I
2113 2152 2287 2238 303].
2390 2151 2477 2217 Hi
2531 2152 2537 2160 “

238 2251 434 2334 igitur
464 2247 773 2340 αὐθάδης
798 2259 865 2319 et
888 2248 1293 2336 αὖτάρεσκος
1314 2258 1545 2319 natura
1587 2255 1756 2319 idem
1801 2252 2151 2335 significare
2197 2257 2490 2322 credunt.-

246 2392 317 2402 —
370 2356 530 2421 Cum
574 2357 796 2422 eodem
839 2356 1031 2423 verbo
1074 2354 1357 2420 nonnulli
1400 2374 1632 2421 nomen
1673 2358 1848 2437 proci
1891 2358 2242 2441 Penelopae
2287 2377 2476 2441 copu-

239 2458 442 2524 latum
483 2463 816 2542 putarunt,
882 2479 1040 2552 quos
1094 2456 1330 2524 refellit
1373 2457 1846 2525 Choeroboscus
1894 2460 1972 2526 de
2018 2460 2167 2526 Ton.
2212 2459 2339 2528 435
2386 2481 2476 2545 sq.

237 2560 427 2626 ‘co-A
440 2587 469 2627 ε
486 2558 575 2627 ιώ
592 2564 728 2650 δης
774 2559 1040 2649 λέγουσί
1083 2586 1254 2640 τινες
1298 2553 1467 2629 εἶναι
1514 2558 1836 2634 σύνθετον
1882 2563 2069 2651 παρὰ
2122 2564 2197 2630 τὸ
2255 2560 2479 2632 oid-etv

238 2667 349 2751 τῷ
395 2667 586 2752 λαῷ,
658 2659 800 2731 ἄλλ’
874 2663 1050 2731 ἔστιν
1117 2664 1381 2731 ἁπλοῦν
1448 2665 1842 2751 παραγωγὸν
1888 2665 2071 2751 παρὰ
2119 2665 2193 2732 τὸ
2243 2668 2476 2745 λεῖος.

236 2766 342 2832 Illi
405 2764 677 2846 fortasse
741 2786 970 2833 nomen
1013 2764 1336 2855 Δημάδης
1388 2768 1455 2832 111
1499 2769 1804 2833 memoria
1846 2768 2232 2849 habuerunt,
2301 2767 2478 2834 cuiu's

240 2870 430 2951 alpha
475 2872 531 2935 si
572 2871 955 2953 producitur,
1003 2869 1374 2952 significatio
1422 2889 1566 2936 cum
1611 2871 1904 2953 syntheto
1948 2871 2055 2936 illo
2102 2870 2404 2952 congruit.

406 2971 724 3037 Num—
641 3009 707 3043 oa
770 2975 981 3036 et—
899 3008 962 3042 ου
1025 2974 1395 3038 commutari
1438 2974 1700 3056 possint,
1744 2974 1917 3039 varie
1932 2975 2338 3056 disputatur,
2382 2974 2477 3039 la-

236 3074 482 3141 tissime
555 3095 595 3140 a
660 3074 1091 3140 Choerobosco
1158 3073 1308 3175 Can.
1354 3077 1497 3143 242.
1544 3075 1620 3141 21
1696 3072 1773 3142 οὐ
1844 3072 2184 3160 δυνάμεθα
2250 3072 2480 3156 εἰπεῖν,

241 3172 379 3244 ἀπο
427 3181 551 3243 τοῦ
592 3202 781 3256 τους
843 3173 1046 3259 βόας
1110 3179 1441 3262 γεγονέναι
1512 3178 1701 3257 τοὺς
1761 3183 1955 3263 βοῦς
2014 3179 2178 3244 κατὰ
2223 3183 2478 3265 κρᾶσιν·

239 3275 565 3347 οὐδέποτε
625 3280 750 3367 γὰρ
797 3278 871 3345 τὸ
922 3315 951 3350 ο
1014 3279 1123 3345 καὶ
1165 3282 1225 3349 ’ἆ
1289 3277 1386 3359 εἷς
1431 3282 1636 3370 τὴνο
1567 3286 1675 3353 ὀὗ
1727 3277 2215 3405 ›clevatae-8121?
2265 3277 2356 3359 εἷς
2405 3302 2477 3352 ωε

233 3378 532 3466 βελτίω
578 3408 635 3448 κ.
683 3408 735 3448 τ.
787 3383 839 3446 λ.
924 3376 1098 3446 Λλλ’
1149 3377 1499 3468 ὁμοφωνία
1556 3385 1671 3464 τῆς
1723 3379 2096 3470 αιτιατικῆς
2142 3382 2314 3469 πρὸς
2365 3384 2481 3469 τὴν

239 3483 529 3553 εὐθεῖαν·
573 3488 752 3551 πᾶσα
798 3484 922 3572 γὰρ
969 3478 1206 3550 εὐθεῖα
1253 3480 1862 3572 πληθυντικῶνεῖς
1906 3487 1992 3562 Ἐξ
2037 3471 2325 3571 λήγουσα
2370 3482 2481 3551 καὶ

243 3586 656 3675 συνῃρημένη
701 3586 836 3669 ἔχει
889 3586 1017 3672 τὴν.
1049 3582 1409 3672 αἰτιατικὴν
1455 3582 1845 3674 ὃμόφωνονε
1894 3584 1968 3653 οἱ
2011 3583 2250 3669 ἰχθῦς
2295 3587 2483 3666 τούς

241 3686 430 3772 ἰχθῦ
443 3715 508 3773 ς,
539 3714 611 3756 οι
655 3685 879 3777 ἡδεῖς
922 3687 1054 3753 τοῦ
1069 3714 1102 3765 ς
1145 3683 1397 3776 ηδεῖς,
1425 3684 1505 3755 οὶ
1535 3689 1964 3783 κρείττους
2000 3715 2188 3780 τους
2222 3688 2478 3774 κρείτ-

239 3816 331 3858 το
350 3817 436 3869 υς
480 3797 617 3872 etc„
684 3796 875 3873 atque
938 3791 1038 3856 his
1083 3792 1361 3873 applicat
1403 3790 1619 3859 861-
1638 3789 1766 3856 864
1821 3810 2160 3873 personam
2221 3793 2480 3858 tertiam

244 3891 514 3961 διδόασι
561 3896 871 3970 διδοῦσι,
924 3893 1011 3958 de
1070 3912 1196 3974 qua
1262 3898 1328 3959 et
1393 3893 1701 3977 similibus
1765 3895 2102 3961 verborum
2143 3894 2210 3959 in
2252 3932 2319 3981 μ
2380 3896 2473 3961 di-

243 3997 502 4063 scordes
569 3997 835 4063 duorum
898 3994 1252 4076 principum
1329 3997 1883 4085 grammaticorum
1955 3998 2190 4081 placita
2252 3996 2477 4064 refert:

231 4094 648 4198 ffipwdeavdg
693 4122 916 4186 φησιν,
965 4094 1069 4165 ὅτι
1116 4095 1358 4187 κυρίως
1382 4095 1907 4187 διαίρεσίςὲστιν
1932 4099 2000 4168 ἐν
2022 4103 2117 4189 τῷ
2161 4105 2478 4168 τιθεῖσι

256 4385 261 4388 .
378 4319 439 4388 ³)
476 4319 562 4373 De
594 4325 802 4375 anaema
832 4341 879 4375 υ.
919 4320 1153 4391 Proleqq.
1180 4341 1239 4390 p.
1276 4321 1394 4376 447.
1428 4321 1555 4378 adu.
1588 4319 1676 4375 21.
