2946 4928
829 337 945 402 DE
987 334 1393 432 APoooPE.
1438 333 1509 401 o.
1552 333 1629 401 v.
1675 333 1712 420 ς
1762 333 1816 400 1.
2000 283 2003 286 Α
2359 327 2487 401 299

243 500 368 568 oali
412 500 654 568 casuali
695 499 763 565 in
804 498 1088 580 formulis
1130 498 1482 565 Homericis
1550 491 1689 566 λίπ’
1736 475 1943 585 aa&
1990 501 2059 564 et
2100 492 2240 564 λίπ’
2309 491 2486 563 ἄλει.

243 608 546 694 ψασθαι,
592 604 725 669 sive
769 602 874 668 hic
906 603 1048 683 duo,
1101 607 1174 667 ut
1192 601 1594 677 Herodianus
1619 604 1837 667 censet
1856 599 2149 666 Eustath.
2176 596 2361 665 1560.
2382 596 2486 679 26,

241 705 643 774 substantiva
681 704 899 771 iuncta
941 709 1120 785 sunt,
1166 701 1416 790 γενικόν
1483 710 1550 771 et
1593 698 1869 788 εἰδικόν,
1918 703 2081 784 sive,
2148 702 2312 785 quod
2380 701 2490 767 alii

245 808 676 891 suspicantur,
744 805 972 873 ἔλαιον
1012 811 1244 872 natura
1288 805 1667 873 adiectivum
1711 811 1827 872 est.
1878 844 1950 854 -
1998 804 2206 871 Huius
2247 801 2488 886 figurae

242 911 439 978 aclita
478 908 622 976 EM.
646 907 749 975 60.
782 908 865 975 53
910 913 1181 991 quatuor
1222 913 1542 975 numerat:
1587 905 1824 996 κάρα,
1871 905 2106 987 λίπα,
2152 899 2484 991 mewa,

241 1010 288 1079 ὕ
302 1036 356 1101 φ
370 1039 412 1077 α
429 1061 447 1087 ,
496 1029 763 1095 quorum
804 1011 1096 1077 uitimum
1140 1012 1290 1076 solis
1334 1012 1763 1093 grammaticis
1806 1028 1995 1077 nosse
2039 1009 2317 1091 contigit,
2362 1008 2487 1073 duo

239 1115 393 1182 huic
435 1116 720 1198 proxima
763 1115 921 1180 duos
966 1130 1150 1180 casus
1195 1113 1570 1196 isosyllabos
1613 1114 1877 1195 habent,
1945 1109 2118 1198 κάρα
2181 1111 2488 1192 triptoton
2608 1121 2611 1128 '

239 1222 365 1299 est,
420 1237 579 1285 ,nam
622 1220 690 1283 et
731 1217 981 1282 dativus
1024 1216 1258 1298 legitur
1299 1217 1468 1298 apud
1511 1221 1736 1298 poetas
1778 1215 2053 1298 tragicos
2117 1217 2185 1278 et
2247 1213 2304 1278 is
2356 1213 2489 1278 iota

241 1321 622 1403 subscripto,
666 1320 836 1401 quod
877 1319 1082 1385 omitti
1126 1323 1392 1400 oportet,
1459 1319 1516 1384 si
1558 1336 1789 1385 nomen
1830 1318 1951 1383 hoc
1995 1336 2036 1383 a
2077 1316 2488 1399 grammatico

236 1423 353 1489 illo
386 1423 525 1489 iure
566 1422 735 1487 inter
776 1421 968 1487 aclita
1027 1421 1301 1487 relatum
1367 1425 1495 1501 est,
1560 1422 1658 1487 cui
1701 1438 1964 1486 numero
2008 1419 2202 1485 etiam
2267 1419 2484 1486 σκέπα

237 1525 790 1594 adnumerandum
854 1524 1132 1604 videtur,
1197 1543 1253 1588 v.
1307 1522 1529 1589 Rhem.
1576 1522 1701 1589 316
1720 1523 1789 1606 ¹).
1848 1560 1921 1570 —-
1954 1523 2225 1587 ‚Verum
2290 1520 2487 1586 dativi

234 1653 285 1711 μ
303 1628 342 1693 ε’
351 1633 388 1690 λ
402 1651 425 1692 ι
442 1674 462 1705 ,
527 1645 714 1708 quem
778 1625 1093 1707 Bergkius
1157 1629 1224 1690 et
1285 1625 1644 1692 Meinekius
1707 1626 1773 1690 in
1819 1623 1989 1690 Com.
2033 1624 2172 1690 Vol.
2216 1622 2316 1688 111
2359 1621 2486 1688 642

234 1729 588 1798 Philoxeno
631 1715 1004 1807 attribuunt„
1047 1725 1239 1793 fidem
1280 1746 1407 1793 non
1448 1725 1600 1793 facit
1643 1727 1947 1809 Hesychii
1988 1728 2202 1831 glossa
2241 1728 2309 1792 in
2352 1726 2484 1792 cod.

236 1860 332 1926 sic
364 1858 625 1940 scripta·
676 1859 847 1925 Μέλι
872 1857 1041 1925 ἔοικε
1082 1818 1170 1941 μὲ
1203 1854 1412 1941 ὃίιοιε,
1457 1877 1621 1941 quae
1649 1857 1776 1923 huc
1817 1855 2059 1939 diffingi
2079 1861 2318 1939 potest·
2363 1880 2483 1938 με·

234 1959 561 2040 λιείκελε,
628 1962 838 2043 μέλιτι
885 1958 1095 2044 ὅμοιε.
1147 1999 1218 2008 -
1268 1960 1366 2026 De
1410 1960 1554 2026 aliis
1620 1960 1870 2026 dativus
1935 1960 2329 2042 disceptatur
2369 1957 2485 2024 At-

233 2065 449 2130 ticene
493 2062 791 2127 declinati
835 2064 964 2128 sint
1004 2083 1086 2128 an
1127 2064 1379 2130 succisi:
1424 2062 1569 2130 EM.
1605 2059 1750 2128 437.
1774 2057 1949 2126 54”’
1903 2086 2064 2150 ηρῳ
2107 2057 2485 2150 Δημοδόκῳ

234 2161 468 2252 δοτική
517 2164 693 2232 ἐστιν
738 2160 882 2231 ἀντὶ
926 2169 1038 2231 τοῦ
1083 2162 1269 2251 ἥρωὶ·
1317 2162 1548 2247 κλίσις,
1615 2166 1727 2232 καὶ
1773 2160 1890 2233 οὐκ
1938 2159 2278 2253 ἀποκοπή.
2322 2163 2485 2230 Pen-

230 2271 350 2336 det
391 2267 583 2334 animi
624 2267 998 2333 Eustathius
1041 2267 1313 2336 691.12
1356 2268 1433 2334 τὸ
1492 2265 1634 2359 ἥρω
1703 2264 2168 2336 &nox-§eornm
2234 2265 2305 2334 ἐκ
2370 2269 2487 2354 τῆς

233 2370 412 2460 ἥρωὶ
452 2372 717 2455 δοτικῆς
760 2364 807 2456 ἢ
850 2364 985 2436 ἀπὸ
1032 2365 1482 2453 ἶσοσυλλάβου
1503 2373 1781 2451 κλίσεως
1801 2374 2068 2457 γέγονεν.
2131 2370 2272 2437 Hoc
2298 2388 2483 2452 prae-

230 2476 368 2544 fert
420 2474 917 2541 Choeroboscus:
987 2474 1061 2539 τὸ
1130 2475 1256 2560 γὰρ
1326 2472 1504 2563 ἥρως
1569 2475 1684 2543 καὶ
1752 2474 1922 2563 ἔρως
1984 2474 2098 2543 καὶ
2160 2476 2361 2561 γέλως
2425 2468 2485 2541 οἱ

225 2577 583 2667 Ἀθηναῖοι
630 2571 1087 2658 ἶσοσολλάβως
1130 2577 1455 2644 κλίνουσιε
1524 2584 1642 2645 τοῦ
1685 2574 1826 2666 ἥρω
1872 2583 1990 2645 etc.
2037 2575 2188 2644 Gan.
2231 2576 2377 2643 262.
2428 2578 2483 2659 1,

232 2688 300 2748 et
350 2681 428 2746 de
472 2680 753 2762 proximo
798 2696 951 2744 casu
971 2678 1140 2744 idem
1183 2699 1243 2762 p.
1285 2678 1429 2746 258.
1480 2679 1560 2745 10
1603 2680 1717 2747 καὶ
1759 2680 1876 2768 τὴν
1922 2678 2189 2767 δοτικὴν
2235 2675 2303 2746 οἱ
2338 2674 2480 2746 'Ac—

232 2782 405 2850 τικοὶ
472 2776 565 2859 εἷς
604 2781 646 2850 ἰ’
689 2777 1153 2868 ἀνεκφώνητον
1220 2785 1560 2849 ποιοῦσινε
1617 2779 1759 2873 ἥρῳ
1803 2778 2203 2870 Δημοδόκῳ.
2315 2780 2484 2848 Huic

231 2886 640 2953 Hermannus
684 2885 763 2950 de
809 2883 949 2950 Em.
996 2883 1275 2950 Gramm.
1318 2904 1379 2966 p.
1425 2885 1510 2951 38
1554 2885 1801 2952 Moerin
1856 2886 2116 2968 opponit
2177 2890 2481 2968 tanquam

234 2988 588 3057 contrariae
633 2987 986 3053 sententiae
1031 2991 1380 3053 auctorem:
1410 2974 1601 3111 ἥρω,
1602 2988 1800 3075 χωρὶς
1826 2992 1945 3054 τοῦ
1986 2990 2039 3058 ἰ’
2083 2984 2482 3075 ὦςὍμηρος

235 3089 379 3179 ἥρω
424 3091 831 3177 Δημοδόκῳ,
900 3086 1076 3175 ἥρωὶ
1137 3087 1212 3156 δὲ
1266 3088 1436 3171 μετὰ
1483 3094 1601 3158 τοῦ
1637 3094 1688 3161 ἰ’
1733 3087 2107 3177 ἑλληνικῶς.
2199 3089 2267 3156 Is
2332 3106 2481 3157 vero

235 3193 395 3259 1111111
438 3193 611 3258 aliud
655 3179 1033 3258 contendere
1076 3192 1345 3273 videtur,
1391 3211 1579 3274 quam
1623 3193 1905 3259 vocalem
1950 3192 2250 3273 cliticam‚
2318 3210 2482 3275 quae

235 3288 303 3362 111
349 3294 674 3378 trisyllabo
720 3291 893 3381 ἥρωὶ
930 3293 1099 3359 clare
1125 3294 1415 3375 auditur,
1469 3296 1659 3378 plane
1703 3295 2167 3376 obmutescere,
2211 3290 2337 3377 qua
2377 3313 2479 3360 ra-

232 3399 408 3463 tione
453 3397 626 3463 ducti
668 3396 870 3476 multi,
917 3401 988 3461 ut
1030 3394 1260 3461 Strabo
1305 3396 1413 3476 ait,
1479 3397 1722 3478 primae
1765 3414 2013 3479 quoque
2057 3402 2124 3464 et
2166 3398 2480 3465 secundae

241 3499 676 3566 declinationis
745 3498 1000 3563 dativis·
1046 3497 1179 3563 iota
1244 3494 1644 3566 subscribere
1711 3499 2110 3566 destiterunt.
2179 3499 2483 3566 Tertiam

235 3601 657 3684 corruptionis
723 3618 979 3666 causam
1044 3597 1230 3666 affert
1292 3600 1483 3711 schol.
1547 3601 1725 3669 Harl.
1781 3600 1900 3705 Qd.
1942 3598 2104 3668 XIII
2147 3600 2248 3668 35.
2357 3603 2479 3670 Hic

375 3892 432 3954 1)
462 3888 623 3966 Κόρῃ
645 3892 899 3945 ’absolute
931 3894 1162 3959 positum
1196 3894 1255 3946 in
1287 3893 1613 3961 Theognidis
1646 3911 1810 3949 versu
1841 3896 2193 3950 Buttmannus
2227 3897 2255 3949 1
2287 3914 2342 3964 p.
2371 3892 2479 3952 ‘228

238 3980 410 4032 eidem
444 3981 629 4046 generi
659 3984 847 4033 neutro
864 3980 1134 4034 sdscribit.

368 4065 508 4118 Δάοι.
522 4082 540 4115 .·
590 4067 807 4130 „oxma
841 4065 1166 4132 metaplasm.
1201 4071 1262 4117 ut
1296 4082 1375 4133 φυ
1346 4061 1536 4133 dyada,
1580 4065 1769 4119 οἴκαδε
1806 4064 2025 4133 [videmo-
2057 4068 2353 4123 scholiastae
2385 4068 2474 4138 ad]

229 4150 293 4205 Il.
327 4150 540 4205 1113?
578 4148 728 4217 [vm
774 4146 871 4205 157
899 4150 1085 4218 patim:
1140 4148 1326 4219 φυγὴν
1378 4147 1536 4219 φύγοι
1589 4144 1711 4204 εἶπε
1762 4168 1830 4202 κα
1835 4147 1898 4203 τὰ
1947 4151 2315 4222 μεταπλασμὸ
2317 4172 2351 4208 ν
2401 4172 2476 4214 ας

232 4232 329 4301 τὴν
381 4238 591 4303 meudun
644 4239 838 4289 σκέπα.
891 4236 1219 4289 Ument.
1256 4233 1805 4290 1.n.46et1²athol.
1843 4236 2050 4306 1232]
2104 4247 2175 4292 et:
2229 4231 2470 4309 [al-ensa]

232 4306 530 4388 „naemu
568 4318 796 4390 [ψῃ]
833 4321 902 4375 58
938 4337 1067 4391 sqq,
1105 4321 1287 4375 Rham.
1322 4320 1476 4378 313‘2
