2946 4928
437 315 565 400 2214
1194 316 1754 396 mssERTATIo
1818 328 1961 396 vn„

438 500 568 562 τῶν
593 497 824 563 δεινῶν
872 495 1020 579 (hoc
1062 493 1383 577 accentu),
1429 492 1742 575 Bergkius
1785 510 1937 558 vero
1980 491 2184 558 Poett.
2230 489 2376 573 Lyr.
2416 488 2521 556 Fr.
2561 490 2685 555 127

439 601 568 663 τῶν
615 600 817 664 δεῖνα.
903 597 1217 679 Equidem
1258 597 1654 679 grammatici
1699 595 2077 663 sententiam
2129 595 2224 660 ita
2283 593 2684 675 interpretor,

346 733 362 740 κ
437 700 785 766 Homerum
831 705 1129 766 consueto
1175 701 1528 767 dativorum
1573 699 1748 765 exitu
1768 699 2110 781 pellectum
2133 715 2294 776 esse,
2339 702 2414 761 ut
2447 695 2686 777 dispari

438 805 654 881 τοῒςδε
698 803 1089 869 extrinsecus
1136 802 1439 869 adiiceret
1483 801 1810 885 syllabam,
1856 818 2048 884 quam
2089 800 2182 864 illi
2227 817 2267 864 a
2299 804 2532 864 natura
2572 798 2686 864 ha-

436 905 605 986 bent,
653 905 1019 989 diceretque
1066 908 1352 983 τοῖσδεσι
1398 911 1473 971 ut
1516 903 1780 987 τείχεσι,
1829 907 1897 969 et
1936 922 2126 985 porro
2170 902 2493 982 Alcaeum,
2539 902 2688 983 quia

437 1008 635 1074 dativi
696 1008 763 1073 in
808 1012 864 1079 ἦ
907 1014 1209 1074 exeuntes
1277 1013 1425 1073 ante
1481 1025 1551 1073 se
1593 1006 1833 1072 habent
1874 1006 2220 1088 genitivum
2284 1004 2351 1069 in
2395 1004 2502 1085 ὦ,
2572 1022 2687 1070 suo

435 1111 716 1193 periculo
759 1109 1077 1176 effinxisse
1122 1109 1373 1175 devium
1415 1110 1574 1190 illud
1638 1114 1706 1174 et
1760 1126 2016 1175 enorme
2067 1110 2383 1182 τῶνδεων.
2464 1107 2544 1174 »Si
2585 1108 2687 1174 cui

437 1213 749 1296 epectasis
770 1213 882 1278 illa
905 1214 1253 1296 displiceat,
1288 1213 1413 1278 huc
1434 1211 1697 1278 accedat
1720 1215 1987 1293 oportet,
2012 1213 2305 1278 τοῖσδεσι
2331 1230 2410 1277 ex
2433 1209 2687 1279 τοιαίδε

437 1334 807 1383 conversum
852 1335 994 1382 esse
1037 1335 1154 1399 per
1194 1315 1596 1396 metathesin,
1641 1320 1909 1396 retento,
1954 1334 2036 1380 ne
2079 1333 2200 1381 vox
2243 1315 2430 1381 nimis
2461 1315 2686 1381 obscu-

435 1424 704 1500 raretur,
752 1421 953 1501 sigma
996 1420 1239 1501 primae
1285 1418 1567 1502 syllabae
1611 1418 1850 1483 ultime.
1925 1415 2243 1483 Audacior
2285 1418 2512 1500 aliquis
2557 1416 2685 1484 for·
2738 1438 2745 1442 ·

437 1529 609 1588 tasse
654 1525 946 1589 τοῖσδεσι
1013 1541 1052 1587 a
1104 1526 1278 1587 recto
1333 1518 1516 1599 ὅδεις
1571 1521 1954 1588 declinatum
2013 1520 2210 1601 dicat,
2277 1521 2454 1587 cuius
2499 1540 2687 1586 casus

436 1621 589 1691 καθ’
642 1619 1215 1707 ὖπόστασινίὶῃςί
1268 1628 1538 1707 possunt
1579 1626 1918 1704 τοῦδενος,
1989 1619 2271 1704 οἷ’δενες,
2327 1627 2686 1700 tardamue,

436 1734 629 1811 atque
675 1728 795 1794 hoc
837 1728 947 1808 illi,
993 1747 1151 1810 quos
1195 1727 1401 1809 Epim.
1447 1726 1882 1809 reprehendit,
1928 1726 1994 1791 in
2039 1726 2255 1792 Alcaei
2298 1744 2489 1793 versu
2535 1725 2685 1793 sub·

436 1832 722 1897 stituisse
764 1831 1063 1896 videntur
1116 1849 1232 1913 pro
1278 1832 1578 1897 τῶνδεων
1633 1830 1716 1894 ad
1759 1827 2237 1911 significandum
2279 1835 2408 1895 τῶν
2453 1826 2688 1895 δείνων

439 1953 479 1998 a
521 1934 907 1999 nominativo
955 1929 1018 1998 οἱ
1065 1934 1293 2009 δεῖνες.
1382 1931 1481 1997 De
1537 1936 1800 2024 accentu
1844 1931 2041 1996 dativi
2085 1932 2397 1997 dissensio
2442 1932 2685 1997 eadem.
2794 1967 2803 1972 —

435 2036 637 2101 Schol.
680 2035 857 2099 Harl.
906 2032 1025 2100 od.
1071 2033 1232 2099 XIII
1274 2032 1401 2099 258
1448 2033 2155 2122 προπαροξυτονητέον
2198 2036 2277 2101 τὸ
2322 2033 2683 2111 τοίσδεσσι,

434 2140 548 2204 sed
577 2138 953 2204 Eustathius
992 2136 1174 2202 1902.
1198 2137 1283 2203 58
1328 2138 1403 2202 τὸ
1451 2137 1744 2203 τοῖσδεσι
1793 2133 1912 2202 οὐκ
1959 2132 2039 2203 ἂν
2088 2135 2686 2226 προπαροξυνθείη

433 2232 718 2327 εὐλόγως
764 2242 874 2308 διὰ
922 2240 994 2307 τὸ
1042 2240 1176 2327 πρὸ
1227 2236 1346 2306 δύο
1395 2239 1744 2323 συλλαβῶν
1792 2238 1959 2322 ἔχειν
2004 2239 2117 2307 τὸν
2160 2236 2383 2307 τόνον·
2429 2234 2507 2307 οὗ
2556 2239 2684 2329 γὰρ

434 2340 515 2410 ἂν
559 2344 907 2423 ἑπέκτασις
953 2339 1293 2432 ἀλλοιώσῃ
1359 2340 1478 2430 τὴν
1521 2339 1801 2409 τόνωσιν
1854 2347 1975 2409 τοῦ
2023 2336 2288 2431 ὄρθρου
2343 2345 2460 2429 τῆς
2505 2345 2685 2410 δοτι-

435 2454 571 2534 κῆς.
660 2447 851 2531 Apud
905 2446 1253 2514 Homerum
1307 2445 1514 2513 tribus
1570 2445 1724 2512 locis
1768 2445 2102 2512 Bekkerus
2171 2444 2265 2530 [in
2308 2445 2406 2512 ed.
2450 2444 2685 2528 priore,

432 2549 597 2616 nunc
641 2551 958 2636 omnibus]
1026 2552 1283 2633 scripsit
1339 2547 1676 2616 τοίσδεσσι
1724 2548 1840 2615 Οᾶ.
1884 2548 1951 2614 II
1994 2546 2096 2629 47,
2148 2548 2286 2629 165,
2332 2548 2493 2614 XIII
2535 2543 2709 2629 258,

431 2653 640 2718 tribus
686 2653 826 2719 aliis
871 2653 1129 2734 reliquit
1172 2652 1558 2718 tralaticium
1603 2654 1938 2718 τοῖσδεσσι
1984 2653 2087 2736 (ut
2128 2641 2470 2736 ὧντινων),
2515 2651 2685 2734 quod

429 2756 497 2820 in
539 2755 935 2838 Pythagorae
1001 2773 1289 2821 sermone
1355 2755 1590 2837 legitur
1655 2773 1695 2819 a
1749 2746 2025 2820 Luciano
2084 2752 2238 2821 ficto
2293 2755 2449 2820 Vitt.
2494 2753 2679 2819 Auct.

601 2960 786 3025 Nunc
830 2960 912 3024 ad
957 2961 1114 3025 alias
1157 2960 1346 3025 huius
1399 2960 1648 3042 generis
1695 2959 1968 3042 syllabas
2013 2965 2288 3027 transeo.

604 3097 640 3181 ἓ
685 3094 744 3162 4.
831 3096 933 3161 Ad
977 3095 1048 3160 Il.
1095 3094 1128 3160 I
1171 3092 1297 3162 244
1344 3088 1618 3181 ἶν’ριστον
1664 3092 1852 3163 οῦδὲν
1897 3095 2120 3176 ἔτισας
2164 3098 2533 3163 adnotatum
2577 3102 2681 3163 est

423 3197 851 3286 Ἀρίσταρχος
896 3198 1250 3285 παρέλκειν
1277 3194 1465 3284 Ιλέγει
1511 3199 1582 3265 τὸ
1626 3203 1748 3284 ΕΞ
1790 3216 1985 3280 quare
2030 3199 2198 3281 diple
2244 3199 2535 3282 apposita
2578 3207 2681 3266 est

430 3303 583 3370 XVI
627 3299 771 3383 274,
816 3299 1029 3367 XXIV
1074 3298 1218 3365 370.
1310 3299 1469 3367 Cum
1512 3302 1846 3368 Homerico
1889 3301 1998 3366 illo
2046 3302 2237 3368 schol.
2268 3303 2461 3368 Arist.
2484 3303 2677 3386 Vesp.

433 3403 598 3471 1478
643 3403 887 3471 confert
931 3398 1170 3471 οὐδὲν
1215 3400 1539 3471 παύσεται
1587 3400 1731 3472 ἀντὶ
1787 3410 1905 3472 τοῦ
1951 3401 2030 3472 οὗ
2078 3403 2440 3481 παύσεται,
2486 3404 2720 3486 idque·

428 3508 711 3572 Atticum
755 3506 909 3572 dicit
952 3506 1141 3571 schol.
1186 3506 1347 3573 Plat.
1391 3506 1744 3590 Euthyphr.
1792 3506 1919 3573 328
1987 3503 2253 3587 ἆττικὸς
2308 3504 2357 3572 ὁ,
2402 3511 2521 3574 τοῦ
2577 3507 2685 3579 «Ῑεῖ

431 3605 877 3693 πλεονασμός.
964 3607 1153 3689 Diple
1197 3602 1608 3678 Aristarchea
1659 3610 1815 3676 nihil
1870 3610 2138 3692 amplius
2186 3602 2539 3692 significare
2578 3612 2680 3680 ,vi-

430 3713 617 3778 detur
674 3731 866 3795 quam
930 3728 1046 3793 pro
1102 3705 1174 3777 οὖ
1221 3731 1669 3796 nonnunquam
1712 3713 1863 3796 poni
1906 3713 2189 3778 ornatius
2247 3707 2453 3794 οὐδέν,
2498 3719 2565 3779 et
2606 3714 2678 3780 id

427 3835 677 3899 quoque
720 3816 826 3881 ille
870 3813 1142 3881 fortasse
1185 3804 1352 3881 inter
1375 3816 1744 3882 Atticismos
1788 3815 2047 3881 Homeri
2091 3816 2330 3882 retulit.
2362 3852 2428 3864 -
2467 3816 2680 3883 Maior

430 3922 531 3983 est
562 3916 895 3983 celebritas
941 3918 1341 4001 syllabarum,
1377 3938 1541 4002 quae
1576 3919 1922 3986 dentalium
1956 3919 2223 3985 alteram
2265 3920 2334 3987 in
2365 3920 2679 4003 principio

424 4020 691 4086 habent:
761 4022 835 4086 τὸ
904 4018 1078 4088 ὓπαί
1121 4023 1381 4108 λέγεται
1437 4022 1551 4088 καὶ
1594 4019 1922 4089 ὕπαιθα
1980 4018 2112 4087 κατ’
2160 4021 2513 4091 ἒπέκτασιν
2557 4026 2682 4111 τῆς

424 4123 504 4193 ὃῖι
549 4124 880 4210 συλλαβῆς
925 4123 1198 4207 Theogn.
1246 4124 1396 4190 Can.
1448 4124 1588 4191 158.
1635 4125 1737 4193 33.
1815 4125 1951 4192 Hoc
1995 4125 2103 4190 alii
2146 4143 2464 4207 apocopae
2508 4124 2677 4191 assi-

426 4230 637 4308 gnant,
685 4227 763 4292 de
810 4244 935 4308 qua
980 4245 1095 4292 suo
1138 4228 1274 4296 loco
1319 4227 1565 4294 dicetur
1600 4224 1794 4310 [Diss.
1817 4225 1973 4318 VIH
1998 4244 2132 4307 cap.
2156 4226 2293 4310 IV.]
2325 4263 2397 4273 -
2425 4229 2610 4314 Δηθ
2627 4216 2675 4296 ἆ
