2946 4928
453 317 581 383 324
784 313 1208 383 EPILOGUS
1251 315 1368 382 DE
1410 313 2161 383 INTERPUNCTIONE
2207 314 2390 383 CUM
2882 247 2894 498 ⁴

450 481 661 564 piunt:
739 481 992 566 γυναιξὶ
1059 479 1236 568 φημί
1298 480 1539 545 Eccles.
1584 479 1711 545 210
1775 485 1843 545 31
1904 480 2276 562 saepissime
2343 479 2454 546 καὶ
2501 478 2701 568 φημί,
2892 517 2893 524 1

452 584 674 665 Agam.
722 582 847 648 798
893 581 1096 666 (830),
1142 581 1298 648 Oed.
1345 582 1413 649 C.
1458 581 1603 662 317,
1648 582 1849 649 Rann.
1900 581 2081 664 1066,
2124 584 2285 665 qu.
2317 582 2463 662 278,
2510 579 2705 652 Isocr.

453 685 719 750 Panath.
764 684 890 750 237
937 685 1098 765 Ald.,
1143 683 1288 751 264.
1339 683 1416 750 19
1461 686 1692 766 Bekk.‚
1739 683 1867 773 ἐγὼ
1914 683 2091 774 φημί
2133 686 2341 750 Busir.
2365 684 2495 750 228
2542 686 2704 761 Α](1.,

453 788 598 853 255.
646 788 745 853 34.
772 788 865 868 Β.,
912 787 1287 854 Turicenses
1331 807 1484 853 vero
1530 789 1647 854 sub
1690 807 1816 853 uno
1860 794 2124 853 accentu
2167 794 2240 853 ut
2277 787 2706 853 Schneiderus

452 909 703 973 quoque
745 890 907 955 Plat.
953 889 1082 954 Civ.
1103 888 1160 953 Ἰ
1203 888 1330 954 334
1373 890 1428 954 Β
1498 888 1614 956 καί
1658 914 1860 979 φησιν
1904 910 1944 956 3
1964 891 2257 956 Bekkero
2302 892 2711 960 dissentiens·
2892 933 2893 962 ÷

453 992 792 1058 Homerica
836 992 1123 1074 exempla
1178 988 1338 1058 οὐδέ
1389 1018 1471 1075 με
1522 994 1724 1081 φησίν
1768 993 1841 1058 Π.
1884 993 1942 1057 V
1991 992 2141 1074 119,
2187 989 2361 1059 ἄλλά
2407 1019 2481 1059 σε
2531 993 2710 1080 φημί
2892 973 2893 1058 ff

452 1095 516 1159 X
559 1095 703 1176 331,
751 1090 826 1162 οὕ
873 1121 1018 1161 τινα
1067 1094 1272 1182 φησίν
1316 1094 1410 1158 IX
1453 1094 1579 1159 305
1637 1100 1703 1159 et
1746 1095 1849 1161 all.
1892 1094 2157 1161 Wolfius
2212 1098 2293 1162 ad
2337 1115 2533 1161 unam
2576 1096 2708 1162 for-

454 1217 624 1263 mam
667 1200 916 1281 redegit
940 1199 1011 1281 ²).
1098 1197 1412 1262 Personas
1455 1198 1703 1262 numeri
1734 1198 1998 1279 pluralis
2029 1200 2359 1264 nonnullos
2384 1199 2710 1266 enclitico-

453 1321 597 1365 rum
659 1321 923 1367 numero
988 1302 1263 1366 eximere
1329 1300 1582 1365 Charax
1645 1298 1843 1365 refert
1928 1305 1996 1365 et
2057 1298 2296 1366 factum
2368 1302 2708 1383 improbat.

458 1403 584 1469 Sed
673 1404 795 1469 hae
882 1423 1134 1486 quoque
1224 1404 1629 1485 reperiuntur
1716 1403 2054 1468 admodum
2143 1422 2333 1485 saepe
2421 1405 2707 1469 orthoto-

453 1525 798 1571 numenae:
861 1504 952 1585 ὡς
998 1506 1218 1594 φαμὲν
1270 1544 1340 1552 -
1391 1505 1553 1569 Plat.
1597 1505 1915 1570 Phaedon.
1964 1504 2044 1570 79
2088 1505 2165 1584 D,
2229 1506 2410 1587 Epin.
2457 1503 2585 1571 973
2634 1507 2708 1585 E,

458 1604 546 1686 ὥς
594 1608 674 1695 δὴ
746 1608 963 1695 φαμέν
1007 1607 1190 1671 Polit.
1248 1607 1367 1673 301
1417 1607 1506 1686 D,
1580 1602 1766 1692 ἡμεῖς
1812 1606 2024 1691 φαμέν
2067 1607 2260 1689 Legg.
2305 1608 2404 1672 III
2455 1605 2576 1672 691
2632 1609 2707 1689 A,

458 1710 644 1792 Soph.
726 1710 885 1775 Phil.
984 1709 1141 1775 1073
1168 1760 1186 1790 ,
1277 1710 1383 1775 καὶ
1475 1710 1695 1793 φαμέν
1780 1708 1932 1772 Eur.
2007 1708 2175 1774 Med.
2250 1708 2377 1775 862
2455 1709 2708 1794 (891),

456 1816 572 1898 τὴν
646 1814 849 1897 γαλῆν
928 1813 1148 1899 φαμέν
1214 1813 1408 1877 Arist.
1477 1810 1725 1876 Thesm.
1792 1810 1958 1892 559,
2039 1806 2130 1890 ὥς
2212 1815 2384 1900 φατέ
2444 1814 2707 1879 Theaet.

461 1916 583 1981 178
630 1916 703 1995 Β,
771 1909 884 1980 sed
933 1912 1023 1992 ὥς
1068 1939 1240 2002 φατε
1287 1915 1443 1979 Tim.
1489 1913 1572 1978 24
1615 1913 1700 1992 Ε,
1750 1910 1933 1996 ὑμεῖς
1977 1917 2150 1998 φατέ
2191 1915 2299 1980 Ar.
2334 1915 2509 1982 'Plut
2556 1918 2706 1997 200,

459 2022 711 2095 παῖδας
781 2017 953 2103 φασί
1023 2015 1174 2096 153,
1245 2016 1348 2081 καὶ
1418 2016 1586 2102 φασί
1652 2016 1843 2082 Isocr.
1902 2016 2063 2081 Plat.
2130 2016 2275 2081 338.
2345 2018 2426 2082 25
2495 2018 2706 2102 (321),

459 2116 645 2186 αὐτοὶ
692 2120 902 2206 φαμέν
949 2118 1141 2183 Thuc.
1186 2118 1219 2181 I
1263 2117 1363 2181 38.
1415 2120 1444 2181 1
1498 2123 1563 2182 et
1609 2116 1937 2203 ξύμμαχοι
1986 2118 2185 2203 φασίν
2217 2119 2373 2185 Ῑ85.
2422 2122 2462 2184 2
2508 2123 2708 2186 tacite

457 2223 728 2288 correxit
770 2222 987 2303 Poppo
1031 2221 1251 2286 relicto
1296 2221 1609 2285 contrario
1667 2223 1777 2287 καὶ
1826 2225 1993 2308 φασί
2030 2222 2063 2286 I
2108 2220 2209 2288 39.
2260 2223 2313 2289 1.
2378 2224 2467 2288 Ε1
2512 2222 2706 2289 Stall-

454 2325 746 2390 baumius
790 2325 1115 2405 vulgatum
1162 2322 1241 2389 οὐ
1287 2324 1408 2409 γὰρ
1455 2323 1625 2408 φασί
1667 2324 1827 2388 Ρ131.
1869 2324 2187 2391 Phaedon.
2223 2323 2298 2390 61
2353 2325 2401 2390 C
2469 2332 2537 2391 et
2581 2327 2708 2391 alia

458 2429 549 2493 sic
594 2429 829 2511 scripta
872 2428 1130 2509 regulae
1175 2427 1528 2492 tralaticiae
1574 2428 2082 2508 accommodavit,
2130 2429 2242 2494 sed
2273 2430 2711 2510 praetermisit

458 2531 567 2597 καὶ
615 2533 788 2619 φατέ
832 2531 1040 2614 Symp.
1097 2529 1216 2595 198
1269 2530 1353 2594 E}
1410 2530 1741 2595 Bekkerus
1784 2532 1850 2594 in
1894 2531 2314 2597 Aristotelicis
2361 2528 2450 2611 ὡς
2495 2535 2713 2620 φαμέν

454 2635 691 2699 Nicom.
737 2635 795 2699 V
839 2634 898 2699 4.
947 2633 1113 2698 1130
1157 2653 1211 2697 a.
1264 2633 1357 2711 15,
1407 2628 1498 2710 ὥς
1547 2630 1747 2719 φασίν
1792 2632 1917 2697 VII
1966 2633 2060 2698 15.
2111 2631 2276 2698 1154
2318 2634 2379 2700 b.
2426 2634 2484 2715 9,
2533 2629 2708 2704 εἶναι

458 2738 672 2822 φαμέν
715 2737 773 2802 V
818 2738 875 2801 2.
929 2733 1118 2814 1229,
1164 2735 1348 2799 Polit.
1393 2734 1493 2798 III
1536 2720 1617 2798 3.¹
1646 2734 1826 2799 1276.
1871 2734 1930 2816 5,
1999 2736 2118 2814 τὰς
2163 2743 2472 2821 γυναῖκας
2537 2740 2710 2827 φασί

455 2838 521 2902 11
565 2838 622 2903 9.
674 2840 839 2904 1270
883 2859 938 2904 3.
985 2837 1025 2902 4
1071 2843 1186 2903 313.
1256 2838 1505 2902 silentio
1571 2839 1826 2902 transiit
1880 2840 2166 2920 quamvis
2232 2841 2606 2908 dissidentia
2666 2864 2707 2909 a

455 2940 642 3020 vulgo
685 2943 959 3022 receptis
1005 2933 1172 3006 εἶναί
1217 2966 1453 3025 φαμεν,
1502 2931 1675 3006 εἶναι’
1714 2965 1935 3028 φασιν.
1983 2942 2069 3006 Ε1
2088 2943 2188 3007 his
2213 2949 2705 3011 consentaneum

458 3039 546 3118 ὥς
590 3066 806 3125 φαμεν
849 3042 1031 3106 Ρ3111.
1077 3041 1110 3105 I
1153 3043 1193 3105 2
1238 3061 1297 3106 n.
1351 3043 1427 3107 10
1483 3043 1906 3125 Goettlingius
1973 3064 2050 3110 ex
2092 3047 2472 3112 editionibus
2522 3054 2703 3114 vete-

456 3142 630 3207 ribus
675 3144 1017 3223 revocavit3
1064 3138 1202 3208 sed*
1221 3146 1391 3226 quod
1434 3146 1602 3210 idem
1649 3147 1728 3210 de
1772 3147 2024 3212 Accent.
2071 3146 2196 3213 392
2241 3148 2543 3231 affirmat,
2591 3170 2705 3216 en-

463 3245 644 3310 clisin
689 3248 920 3328 ubique
966 3247 1277 3327 obtinere,
1323 3246 1634 3312 refellitur
1688 3248 1830 3314 istis
1875 3251 2206 3338 exemplis,
2275 3272 2438 3334 quae
2498 3273 2706 3335 pauca

457 3353 606 3413 sunt
670 3368 747 3413 ex
808 3350 1049 3431 ingenti
1114 3351 1292 3431 copia
1357 3355 1671 3432 excerpta.
1780 3352 2120 3419 Elmsleius
2176 3356 2257 3420 ad
2301 3356 2530 3421 Bacch.
2576 3354 2705 3421 242

458 3451 612 3515 nihil
658 3452 955 3517 decernit.
1044 3452 1266 3535 Neque
1310 3451 1595 3517 futurum
1639 3455 1927 3535 arbitror,
1974 3462 2047 3521 ut
2089 3476 2305 3523 omnes
2350 3463 2417 3522 et
2461 3460 2540 3524 de
2583 3459 2705 3525 hoc

457 3555 850 3618 consentiant
894 3560 960 3619 et
1004 3556 1082 3619 de
1127 3556 1434 3645 similibus
1482 3554 1637 3640 εἰμι’,
1689 3559 1859 3625 ποτέ
1902 3564 2018 3624 etc.
2035 3608 2050 3639 ,
2106 3577 2371 3640 quorum
2412 3580 2539 3626 non
2584 3558 2703 3627 miss

457 3675 573 3720 nor
615 3658 679 3719 in
726 3657 1101 3723 editionibus
1146 3648 1584 3733 inconstantia.
1653 3660 1780 3725 Sed
1802 3665 1973 3726 certe
1996 3679 2100 3726 res
2135 3663 2484 3728 attentione
2510 3665 2704 3746 digna

483 4038 486 4043 ⁴
594 4011 652 4076 2)
689 4017 751 4067 In
786 4033 895 4068 una
932 4018 1209 4083 Sophoclis
1242 4020 1439 4111 fabula·
1455 4030 1709 4088 pugnant·
1750 4023 1930 4091 φονέα
1983 4016 2048 4076 σὲ
2097 4029 2254 4092 φήμί
2303 4025 2434 4080 Oed.
2471 4026 2537 4079 T.
2575 4024 2697 4090 362,

456 4105 746 4169 λεληθέναι
783 4099 844 4155 σε
883 4108 1035 4171 φημί
1049 4101 1152 4157 366
1187 4113 1242 4157 et
1276 4110 1456 4175 φονέα
1490 4110 1569 4175 μέ
1599 4124 1737 4177 φησι
1756 4106 1874 4174 703,
1911 4111 2006 4160 sed
2039 4111 2162 4161 huie
2180 4112 2484 4166 Dindorfius
2504 4131 2697 4166 aecen-

455 4200 565 4259 tum
619 4192 904 4256 inscripsit.
977 4189 1243 4256 [Characis
1275 4194 1437 4244 locum
1470 4212 1518 4245 v.
1554 4194 1696 4260 apud
1732 4195 1915 4247 Lehrs.
1964 4196 2167 4259 Quaeet.
2197 4215 2253 4262 p.
2293 4195 2430 4265 122]
