2946 4928
406 323 529 390 184
653 425 660 431 .
1162 318 1720 419 DISSEBTATIO
1777 319 1918 386 VIL
2004 413 2013 418 ,

394 489 576 555 orum
618 486 904 554 versibus
946 484 1449 569 interpunctione
1495 484 1778 549 diremtis
1831 503 1914 566 ny
1978 483 2383 550 inserendum
2448 486 2636 564 puta-

395 592 505 673 vit,
549 611 675 658 non
717 596 791 656 ut
833 608 1055 665 ‚versus
1086 590 1432 657 clausulam
1463 589 1802 670 signarent,
1849 588 1962 653 sed
2006 592 2079 651 ut
2122 585 2439 653 dictionis:
2484 578 2634 674 ᾔνε·

396 719 523 762 σευ.
598 693 692 761 Σὺ
739 690 796 760 δ’
846 693 913 760 ἐν
935 693 1123 775 Hipp.
1154 690 1336 772 1319,
1382 690 1702 758 κακίοσιν.
1803 692 1986 758 Θειῖν
2032 690 2109 758 δέ
2137 690 2268 755 Ion.
2317 687 2460 768 637,
2508 680 2632 771 ὅμ-

393 820 615 880 μασιν.
707 795 938 885 Κῆρυξ
981 795 1057 863 δέ
1102 794 1314 877 Suppl.
1362 792 1506 874 667,
1572 790 2020 882 μοχθήμασιν.
2120 789 2344 887 Θῦσας
2387 794 2460 860 δέ
2502 792 2634 857 lon.

399 898 593 979 1139,
643 896 1201 987 θησαυρίσμασιν.
1286 896 1370 964 Τί
1416 901 1581 988 δῆτα
1611 896 1793 978 1305,
1841 890 2037 989 u'gbo'
2069 891 2444 974 ἀπώλεσεν,·
2517 900 2579 958 Τ
2577 894 2639 972 lg

393 1000 507 1068 τὸν
534 1039 605 1048 -
635 1001 803 1067 Med.
854 1000 1036 1081 1208,
1084 1006 1149 1067 et
1191 1001 1301 1066 ubi
1322 1019 1596 1082 persona
1616 1005 1931 1065 mutatur:
1976 998 2252 1063 Phoenn.
2304 996 2488 1078 1689,
2535 998 2634 1063 El.

390 1103 534 1171 969.
625 1102 750 1170 Sed
795 1103 1040 1169 codices
1086 1103 1447 1185 discrepant
1492 1101 1698 1168 Orest.
1745 1099 1909 1168 1058
1955 1098 2200 1185 (1065),
2234 1096 2638 1187 τολμήμασι.

369 1203 694 1293 ’Πυλάδῃ
741 1223 858 1272 nec
904 1206 1194 1273 convenit
1239 1206 1317 1271 de
1342 1206 1483 1270 aliis
1505 1206 1689 1270 locis:
1732 1198 1959 1271 ὤλεσε.
2030 1201 2124 1270 Σὺ
2172 1197 2230 1269 0³
2281 1196 2333 1267 ὦ
2356 1203 2453 1268 El.
2487 1202 2634 1284 885,

392 1303 637 1394 ὕβρισε·
705 1307 855 1375 τοία
899 1303 1023 1394 γάρ
1070 1308 1368 1374 Androm.
1415 1306 1559 1389 996,
1626 1294 1970 1392 &chauces
2041 1306 2495 1394 Τετρασκελὴς
2560 1307 2637 1373 δέ

392 1414 580 1479 Herc.
632 1411 751 1477 177
799 1412 1000 1497 (180),
1048 1412 1275 1494 quibus
1319 1412 1630 1478 Matthiae
1675 1430 2010 1477 consonam
2056 1411 2377 1493 apposuit,
2424 1415 2637 1492 poste-

393 1517 595 1582 riores
642 1515 1067 1582 detraxerunt.
2498 1507 2503 1512 “

566 1618 880 1701 Deinceps
926 1617 1005 1683 de
1042 1616 1510 1699 iambographis
1557 1618 1841 1683 dicturus
1886 1636 2058 1682 eram
2079 1667 2094 1696 ,
2167 1618 2280 1682 sed
2331 1617 2462 1681 iam
2527 1634 2635 1681 ve-

394 1741 555 1803 reor,
601 1741 682 1788 ne
726 1722 867 1804 quis
911 1721 1067 1786 mihi
1110 1739 1328 1785 aurem
1372 1721 1593 1786 vellat:
1644 1719 1799 1797 Quis
1846 1720 2001 1806 ἱερεῖ
2044 1718 2238 1783 haee?
2321 1720 2655 1802 Equidem·

394 1845 520 1891 non
563 1824 779 1891 defore
822 1828 993 1907 puto,
1039 1821 1266 1904 quibus
1309 1822 1468 1887 haec
1512 1827 1648 1887 tota
1676 1824 1962 1904 quaestio
2007 1822 2192 1888 nimis
2238 1822 2417 1888 exilis
2450 1822 2635 1918 simi-

390 1928 594 2009 lisque
645 1926 1175 2010 Myrmecidarum
1220 1923 1514 2006 operibus
1559 1925 1866 1991 videatur.
1955 1925 2256 1990 Attamen
2320 1925 2499 2007 quod*
2555 1925 2634 1989 de
2715 1939 2722 1944 ·

308 2116 311 2118 Α
393 2035 687 2113 praetore
734 2030 994 2095 dicitur:
1040 2026 1299 2089 minima
1343 2051 1469 2091 non
1515 2040 1713 2109 curat,
1759 2030 1942 2110 longe
1967 2028 2267 2095 abhorret
2311 2028 2389 2093 ab
2436 2026 2639 2093 officio

394 2138 585 2215 atque
631 2151 892 2199 munere
938 2130 1362 2213 grammatici,
1429 2130 1532 2196 cui
1576 2150 1738 2213 quae
1804 2133 2097 2201 subiecta
2155 2137 2254 2196 est
2316 2132 2636 2211 materieS‚

392 2234 529 2303 tota
571 2241 819 2303 constat
863 2255 940 2301 ex
983 2235 1309 2317 particulis
1352 2234 1628 2300 minimis
1686 2239 1752 2300 et
1794 2236 1976 2318 quasi
2019 2234 2294 2300 tessellis
2359 2234 2636 2316 undique

393 2339 832 2421 conquirendis
879 2344 945 2404 et
986 2338 1109 2405 rite
1153 2338 1219 2402 in
1264 2337 1539 2420 speciem
1584 2340 1792 2420 operis
1825 2339 2218 2404 vermiculati
2263 2356 2635 2419 componen-

394 2442 511 2510 dis.
600 2441 729 2525 sed
771 2442 899 2533 iam
943 2441 1218 2524 cognito,
1285 2446 1592 2523 quantum
1648 2441 1935 2524 cognosci
1999 2445 2237 2524 potest,
2303 2446 2635 2524 poetarum

392 2536 531 2629 usu,
577 2547 813 2630 paucis·
842 2564 1169 2628 exsequar,
1216 2545 1367 2627 quid
1413 2563 1493 2610 se
1515 2564 1678 2612 rmo
1723 2545 2144 2612 communis
2187 2543 2368 2610 ferat.

566 2649 621 2734 ἓ.
665 2648 724 2713 8.
816 2648 1142 2714 Consonae
1205 2648 1622 2730 paragogicae¹
1694 2650 1849 2714 tria'
1886 2648 2323 2714 constituimus
2401 2655 2637 2730 genera

391 2750 747 2818 nominibus
793 2751 1116 2817 distincta:
1182 2751 1639 2832 necessarium,
1709 2752 2113 2817 arbitrarium
2127 2801 2142 2832 ,
2208 2751 2632 2817 temerarium.

390 2854 767 2921 Necessario
810 2859 1078 2920 utuntur
1120 2858 1346 2935 poetae
1390 2852 1456 2917 in
1500 2853 1724 2918 mediis
1767 2854 2055 2920 versibus
2100 2854 2284 2920 modo
2340 2855 2424 2918 ad
2488 2873 2633 2936 pro-

392 2959 747 3024 ductionem
793 2956 1071 3041 syllabae
1113 2956 1345 3034 brevis,
1390 2955 1576 3021 modo
1622 2961 1840 3023 contra
1861 2958 2121 3023 hiatum.
2211 2956 2637 3022 Arbitrarium

389 3061 563 3125 varie
608 3060 938 3141 soluteque
982 3062 1252 3140 vagatur
1296 3058 1463 3123 circa
1526 3058 1843 3126 clausulas
1904 3058 2200 3126 versuum
2213 3110 2228 3139 ,
2298 3061 2634 3142 praecipue

390 3161 602 3228 hiatus
648 3161 986 3228 amoliendi
1030 3174 1237 3227 causa.
1327 3160 1468 3226 Etsi
1515 3162 1678 3226 enim
1725 3164 1790 3227 in
1815 3160 2097 3229 confiniis
2120 3181 2418 3228 versuum
2444 3182 2634 3228 sensu

395 3266 871 3332 cohaerentium
893 3263 1441 3348 frequentissimus
1489 3269 1615 3329 est:
1663 3261 1938 3333 πόλινδε
1966 3263 2004 3351 ΙΙ
2029 3264 2368 3350 ἔρχεσθαι,
2415 3265 2638 3332 ἐκέκα-

392 3363 879 3455 στοΗὸρνιθος
924 3372 988 3432 et
1032 3368 1095 3432 in
1154 3367 1544 3433 scenicorum
1587 3366 1846 3434 fabulis:
1896 3367 2127 3454 κακὰΗ
2158 3362 2343 3456 ἄλγη,
2409 3366 2543 3451 ἅμα
2573 3367 2611 3454 Η
2707 3448 2719 3468 ⁸

381 3468 609 3559 νἅηδρί,
657 3477 889 3552 tamen,
934 3471 1044 3536 ubi
1076 3470 1377 3536 attractio
1402 3468 1703 3552 effugium
1731 3471 2012 3554 praebet,
2060 3490 2136 3536 ea
2180 3476 2311 3536 tam
2347 3477 2639 3536 constan-

251 3654 254 3657 ,
388 3579 489 3639 ter
534 3575 896 3654 assumitur,
942 3578 1015 3639 ut
1057 3573 1240 3654 quasi
1282 3575 1423 3655 lege
1446 3574 1717 3656 quadam
1744 3574 1986 3639 sancita
2013 3574 2136 3641 dici
2156 3574 2373 3656 possit.
2429 3574 2634 3640 Multo

387 3675 595 3742 rarius
637 3676 706 3741 id
751 3677 980 3743 accidit
1020 3675 1455 3759 interpunctiS,
1505 3677 1683 3741 cuius
1728 3676 1984 3758 generis
2000 3678 2298 3742 nonnulla
2339 3678 2634 3760 superius

391 3778 594 3844 attuli.
681 3778 800 3844 His
848 3780 903 3845 si
947 3777 1136 3871 fidem
1182 3780 1599 3861 adiungimus,
1647 3778 2066 3846 confitendum
2110 3780 2247 3858 erit,
2315 3781 2631 3846 nonnullis

387 3884 674 3944 veterum
718 3881 911 3946 moris
958 3879 1172 3960 fuisse,
1217 3884 1291 3945 ut
1333 3899 1518 3947 voces
1542 3880 1780 3961 finaleS‚
1828 3882 2201 3964 quibuscum
2225 3899 2449 3948 sensus
2471 3885 2620 3965 exit,

389 3982 526 4047 soni
572 3983 884 4048 excitandi
929 4001 1123 4048 causa
1153 3983 1260 4050 illo
1306 3984 1489 4066 quasi
1531 4002 1770 4066 pausae
1815 3985 1994 4066 signo
2039 3985 2446 4052 instruerent.
2535 3987 2622 4053 Et

390 4083 473 4147 ad
513 4083 633 4149 hoc
677 4083 1170 4152 confirmandum
1212 4105 1338 4152 non
1380 4087 1519 4152 leve
1552 4091 1937 4152 momentum
1982 4086 2182 4168 affert,
2228 4089 2395 4171 quod
2439 4107 2631 4171 saepe

387 4185 657 4260 verbis
730 4189 1147 4255 carminum
1212 4188 1516 4255 ultimis
1575 4188 1928 4257 subtexitur
1970 4209 2096 4255 non
2140 4190 2342 4256 solum
2385 4191 2451 4256 in
2496 4191 2629 4274 epi-

390 4290 762 4369 grammatis
776 4340 792 4373 ,
850 4294 924 4357 ut
967 4309 1160 4375 supra
1184 4282 1501 4375 diximus,
1569 4293 1681 4360 sed
1727 4295 1918 4362 etiam
1961 4295 2025 4360 in
2071 4292 2449 4361 carminibus
2493 4313 2628 4363 ma·
