2946 4928
420 332 505 399 54
1183 327 1746 399 DISSERTATIO
1811 328 1919 395 vl.

420 498 626 563 altera
688 493 1063 561 Herodiani:
1132 488 1430 576 εὖκλεῖας
1497 493 2148 580 προπερισπαστὲον·
2220 490 2291 562 ἐκ
2359 492 2479 580 γὰρ
2546 499 2667 560 τοῦ
2754 548 2764 569 ,

425 594 700 677 εὐκλέας
743 595 998 683 ἐγένετο
1047 592 1184 663 κατ’
1236 596 1594 665 ἐπένθεσιν
1639 599 1752 662 τοῦ
1790 595 1861 665 Τ·
1908 592 1971 662 οἱ
1996 595 2067 664 δὲ
2089 591 2487 675 ἐκτείνοντες
2512 589 2668 664 ι’ίνευ

424 697 626 786 λόγου
672 697 1058 767 ἐκπίνουσι.
1169 699 1511 766 Aristonici
1556 698 1752 764 verba
1794 699 1900 778 iis,
1968 717 2129 780 quae
2175 700 2253 765 de
2299 699 2670 766 Aristarcho

424 805 592 870 dicta
621 806 785 883 sunt,
815 820 941 866 non
962 808 1334 885 repugnant.
1421 801 1824 866 Herodianus
1853 794 2212 883 posthabito
2233 803 2665 885 tetrasyllabo,

422 907 600 972 cuius
645 905 1000 986 exemplum
1067 905 1249 970 deest
1261 936 1290 985 ,·
1342 905 1692 971 Homerum
1757 905 2004 985 putavit
2047 906 2324 968 animum
2369 904 2666 970 retulisse

409 1001 505 1079 'ad
546 1008 783 1072 usitata
806 994 1031 1086 ἀκλέα,
1079 1002 1378 1092 ἀγακλέα,
1428 1003 1684 1079 ειῖκλέα,
1734 1013 1924 1087 atque
1967 1006 2085 1087 his,
2132 1007 2187 1072 si
2230 1006 2479 1087 quando
2511 1025 2669 1089 opus

309 1149 331 1164 -
421 1116 610 1191 esset,
634 1111 765 1175 iota
786 1110 1160 1175 inseruisse:
1187 1105 1502 1187 εὐκλεῒας,
1528 1128 1651 1193 quo
1682 1109 1925 1191 syllaba
1944 1113 2013 1186 ἴς
2037 1108 2247 1175 brevis
2270 1108 2664 1191 relinquitur.

420 1214 558 1279 Hoc
623 1214 792 1278 enim
857 1215 984 1292 est,
1052 1212 1220 1293 quod
1284 1231 1324 1276 a
1366 1212 1632 1278 Lehrsio
1678 1211 2076 1300 dissentiam,
2144 1212 2252 1292 qui
2316 1211 2495 1276 illum
2538 1229 2666 1276 non

426 1315 1057 1400 προπερισπαστέον
1080 1315 1410 1395 Scripsisse
1454 1316 1699 1394 Statuit,
1747 1314 1861 1380 sed
1886 1317 2388 1400 περισπαστέον.
2431 1340 2438 1349 ’
2483 1311 2666 1389 Quod

424 1418 477 1482 si
522 1417 631 1499 qui
673 1415 978 1496 fecerunt,
1022 1415 1381 1482 nominibus
1426 1418 1492 1482 in
1535 1418 1627 1509 εἷς
1670 1415 2041 1482 exeuntibus
2094 1415 2226 1480 nixi
2267 1419 2435 1495 sunt,
2501 1433 2667 1496 quae

420 1521 669 1586 vocales
735 1517 957 1585 finales
1020 1519 1090 1590 ἷᾶ
1135 1519 1578 1584 contrahunt?
1610 1514 1874 1605 ἆγυιέας
1927 1518 2033 1584 καὶ
2081 1517 2242 1582 κατὰ
2287 1513 2667 1604 συναίρεσιν

424 1616 659 1708 ἀγυιᾶς
725 1621 943 1705 Steph.
987 1625 1126 1701 ete„
1172 1626 1285 1687 aut
1326 1619 1645 1689 finxerunt
1685 1620 2102 1695 nominativos
2150 1614 2438 1697 ἅκλεεύς,
2507 1622 2664 1686 δυσ-

421 1720 648 1803 κλει-ὗς
710 1730 848 1805 etc,
913 1739 1182 1805 quorum
1245 1722 1500 1800 fictores
1565 1725 1891 1816 designavi
1956 1724 2022 1788 in
2065 1721 2294 1788 Parall.
2340 1720 2486 1801 235,
2556 1728 2671 1787 aut

423 1826 617 1892 etiam
682 1828 1111 1894 accusativum
1173 1827 1486 1909 pluralem
1562 1825 1859 1904 ἐιὶκλειᾶς
1934 1829 2296 1890 sumserunt
2362 1823 2670 1906 singulari

421 1929 636 1995 Attico
681 1923 913 1996 εὐκλεᾶ
975 1947 1092 2011 per
1136 1928 1588 2012 synecdromen
1653 1928 1970 2011 quandam
2035 1926 2454 1993 assimilatum
2505 1945 2667 1992 esse.

421 2031 557 2099 Hos
602 2031 796 2114 igitur
840 2048 1057 2097 omnes
1099 2035 1280 2113 patet
1321 2031 1630 2098 rationein
1662 2030 2161 2113 qualemcunque
2183 2034 2485 2111 sequutos
2505 2046 2668 2094 esse.

425 2133 552 2200 Sed
594 2132 852 2200 fuerunt
893 2133 1104 2215 etiam,
1150 2133 1260 2215 qui
1303 2132 1610 2216 syllabam
1631 2122 1753 2216 ’ῖξζ
1797 2138 1870 2198 ut
1891 2131 2290 2197 Herodianus
2336 2131 2505 2211 dicit,
2552 2149 2661 2196 ex-

421 2236 757 2305 tenderent
801 2229 959 2303 ι’ίνευ
1006 2232 1229 2319 λόγου.
1317 2234 1452 2301 Hos
1473 2237 1667 2318 igitur
1692 2233 1989 2313 ἐϋκλεῖας
2035 2234 2362 2315 scripsisse
2404 2250 2672 2299 necesse

422 2344 540 2420 est,
585 2340 754 2422 quod
799 2337 915 2405 Od.
960 2338 1115 2404 XXI
1159 2337 1277 2404 331
1330 2358 1494 2405 unus
1535 2338 1690 2405 Rob.
1759 2338 2020 2403 exhibet
2076 2337 2442 2415 consonanti
2487 2342 2667 2403 ante-
2781 2348 2788 2352 ·

421 2443 715 2526 positum,
761 2441 1113 2525 complures
1156 2461 1307 2509 vero
1350 2442 1417 2508 in
1460 2442 1533 2508 11.
1576 2443 1618 2507 l.
1642 2460 1692 2508 c.
1740 2444 2043 2523 sequente
2085 2440 2315 2520 vocali3
2363 2457 2527 2522 quae
2560 2458 2668 2506 res

420 2545 754 2612 nonnullos
796 2545 1123 2629 permovit,
1168 2550 1242 2610 ut
1285 2543 1477 2627 alpha
1517 2546 1956 2627 producerent,
2001 2543 2170 2625 quod
2192 2541 2328 2607 sola
2350 2544 2479 2608 arsi
2502 2541 2671 2609 effici

362 2705 382 2714 -
422 2649 647 2732 potuit.
735 2648 1067 2731 Duplicem
1133 2648 1301 2714 viam
1368 2651 1682 2712 monstrat
1734 2646 1878 2711 ΕΜ.
1926 2644 2068 2711 392.
2114 2647 2198 2711 22
2266 2639 2576 2729 εὖκλεής-
2629 2640 2670 2732 ἧ

424 2749 755 2840 uinctum)
800 2755 931 2818 τῶν
972 2752 1433 2839 πληθυντικῶν
1466 2745 1622 2827 τούς
1646 2743 1936 2827 εἶνκλεέας
1971 2743 2076 2814 καὶ
2103 2748 2269 2814 κατὰ
2296 2745 2672 2832 συναίρεσιν

310 2908 321 2918 .
425 2851 720 2933 ειῖκλείας
783 2855 930 2939 (hoc
974 2854 1129 2938 acc.)
1196 2848 1241 2940 ἢ
1306 2849 1443 2919 ἀπὸ
1512 2855 1631 2917 τοῦ
1699 2848 1986 2947 εὐκλέας,
2032 2851 2379 2919 ἐπενθέσει
2447 2854 2563 2913 τοῦ
2616 2852 2670 2918 ἶ.

427 2955 795 3039 Synaeresis
836 2958 1087 3023 nomine
1132 2954 1445 3039 significat
1488 2955 1694 3020 crasin
1740 2956 2006 3022 duorum
2052 2957 2106 3028 ἐξ
2150 2956 2215 3019 in
2256 2959 2325 3037 ἓξ
2368 2947 2670 3031 εὐκλείας

426 3056 729 3138 εὖκλεῖας
774 3064 1038 3127 accentu
1080 3060 1258 3143 gravi
1301 3077 1443 3124 cum
1495 3062 1681 3124 acuto
1724 3058 1791 3122 in
1835 3056 2325 3137 circumflexum,
2370 3061 2444 3121 ut
2487 3056 2684 3137 solet,·

425 3166 707 3228 coeunte.
794 3161 959 3228 Cum
1000 3161 1120 3228 hac
1164 3166 1378 3228 autem
1423 3161 1747 3244 synaeresi
1791 3179 1980 3243 saepe
2026 3165 2231 3226 certat
2252 3178 2345 3240 ea,
2394 3177 2519 3241 qua
2543 3159 2670 3224 duo

417 3267 480 3339 ’ξὶ
523 3266 590 3331 in
634 3270 740 3331 eta
782 3269 1125 3346 mutantur,
1169 3266 1338 3331 unde
1380 3268 1572 3331 natae
1617 3267 1766 3328 sunt
1806 3263 1953 3327 illae
1997 3263 2375 3346 multiplices
2400 3263 2668 3343 scriptu-

422 3389 535 3437 rae
578 3369 1074 3435 vicissitudines:
1145 3369 1468 3458 ζαχρηῶν,
1540 3364 1846 3452 ἒὶῖῥρῆος,
1897 3360 2156 3452 ἀτρῆες,
2226 3364 2394 3446 quod
2435 3365 2502 3428 in
2544 3364 2668 3429 Pa-

424 3473 562 3538 rall.
588 3471 711 3537 235
760 3471 1015 3554 adjunxi
1033 3471 1101 3556 ¹),
1147 3477 1214 3538 et
1255 3489 1419 3555 quae
1461 3468 1745 3552 proxime
1790 3471 1935 3533 ante
1981 3465 2175 3532 allata
2218 3471 2367 3533 sunt
2401 3461 2672 3553 ἀκλήεις

429 3580 575 3653 etc,
645 3572 813 3655 quod
878 3569 1076 3654 genus
1143 3574 1339 3639 erasis
1383 3571 1760 3647 Eustathius
1806 3570 1948 3635 907.
1992 3567 2076 3634 54
2142 3574 2208 3635 et
2274 3570 2381 3635 alii
2444 3574 2669 3650 tropae

425 3676 676 3762 nomine
743 3675 1166 3757 distinguunt,
1234 3694 1434 3756 eaque
1499 3676 1566 3739 in
1630 3692 1755 3739 uno
1820 3673 2092 3755 genitivo
2160 3667 2490 3760 ἀγακλῆος
2553 3689 2671 3753 per

429 3797 646 3847 omnes
690 3778 883 3845 libros
929 3777 1252 3862 divulgata
1316 3783 1415 3844 est
1481 3778 1703 3856 eadem
1747 3776 2115 3857 constantia,
2175 3770 2314 3857 qua*
2346 3774 2669 3842 corrivalis

425 3885 492 3948 in
538 3880 836 3947 adverbio
883 3875 1183 3960 ἀκλειῶς,
1230 3882 1457 3948 ceteris
1502 3881 1642 3946 huc
1675 3881 1824 3946 illuc
1866 3878 2254 3946 nutantibus,
2361 3877 2499 3944 Iam
2542 3877 2668 3942 col-

425 3986 576 4058 latis
643 3977 1195 4065 grammaticorum
1273 3984 1605 4051 sententiis
1669 3987 1939 4064 quatuor
2009 3971 2190 4046 nobis
2249 3981 2673 4049 ¹obversantur

565 4225 639 4290 1)ὗ
672 4228 779 4279 Hic
811 4225 938 4280 addi
969 4231 1177 4292 poterat
1209 4243 1303 4293 pro
1336 4226 1582 4297 ἐϋρρεῖος
1619 4228 1892 4287 ποταμοῖο
1928 4223 2219 4289 Apollinar.
2310 4222 2503 4274 Psalm.
2548 4221 2670 4272 CVI
2717 4271 2721 4282 ,

430 4309 498 4365 67
533 4314 590 4364 in
625 4313 706 4365 ed.
742 4313 1202 4392 Parim-scriptum
1237 4327 1356 4365 ease
1390 4309 1636 4382 ἐϋῤῥῆος.
2319 4317 2326 4322 ’
