2946 4928
1328 198 1367 219 N

490 334 612 410 DE
656 286 1143 425 sYnAEREsl,
1187 342 1590 410 DIAERESI
1632 352 1751 412 etc.
1815 345 1956 412 P..1.
2004 346 2071 412 c,
2091 346 2140 412 1.
2188 312 2324 433 555.
2431 342 2525 415 '23

283 509 456 592 apud
509 508 856 575 Homerum
920 508 1243 588 leguntur,
1321 513 1468 573 ante
1521 458 1818 575 Wolfium
1883 510 2079 593 signis
2144 511 2528 576 notabantur

278 612 671 678 disiunctivis
728 615 931 675 metro
981 611 1226 675 luxato:
1297 600 1437 674 ουτ
1437 635 1493 688 ς
1559 613 1630 676 δὲ
1700 607 1953 705 θρήνει·
2007 613 2299 697 πρυμνὸν
2364 609 2525 695 βάλε

278 713 395 781 Od.
439 713 626 779 XVII
669 711 823 792 504,
895 707 1122 778 οὔποτ’
1179 710 1245 778 ἐν
1251 712 1275 778 ἱ
1334 711 1597 800 πληθίΐ
1644 714 1835 795 ιιένεν
1891 713 1986 778 XI
2029 712 2156 780 514
2226 720 2293 779 et
2355 741 2414 781 ει
2463 716 2522 781 δ’

278 809 364 880 αὗ
427 841 511 895 με
570 812 833 902 πληθυῖ
883 816 1295 895 δαμασαίατο
1350 814 1502 880 XVI
1551 814 1701 894 105,
1771 814 2082 900 ὂρχηστίι
2140 814 2252 881 καὶ
2321 813 2560 904 ἅοιδῆ“

276 918 462 984 XVII
504 915 649 996 605,
717 921 785 982 et
824 917 890 982 in
933 916 1096 998 pede
1139 917 1361 983 ultimo
1405 913 1540 995 ἶξίὶ
1575 917 1635 982 V
1678 917 1823 996 231,
1892 914 2066 998 δῖ’ζιὶ·
2101 916 2226 981 VII
2268 917 2413 997 270,
2460 922 2526 983 et

274 1021 446 1103 quod
485 1019 805 1085 Hesiodus
861 1018 1040 1084 addit
1084 1019 1313 1100 Theog.
1361 1018 1485 1084 333
1563 1014 1819 1100 Φόρκυὶ
1868 1014 2176 1104 φιλότητι
2229 1023 2519 1109 μιγςῖσα,

276 1123 391 1207 sed
457 1123 526 1188 id
576 1138 828 1204 quoque
882 1125 1233 1185 correctum
1287 1125 1415 1200 est3
1484 1121 1718 1185 mansit
1780 1139 1929 1186 vero
1994 1116 2392 1201 trisyllabum
2457 1122 2522 1186 in

271 1225 576 1306 principio
620 1240 840 1288 versus
885 1221 1012 1286 270
1065 1221 1323 1306 Φόρκυϊ
1361 1219 1415 1287 δ’
1466 1215 1550 1286 αὖ
1599 1220 1798 1308 Κητώ
1845 1226 1912 1286 et
1934 1222 2102 1303 apud
2136 1223 2521 1303 posteriores

280 1323 494 1412 λιγνύῖ
532 1324 641 1391 καὶ
661 1329 893 1409 ’καπνῷ
917 1322 1119 1403 Apoll.
1144 1322 1420 1404 ῙῙ11008,
1468 1320 1661 1404 ἆχλύΐ
1685 1324 2020 1411 θεσπεσίῃ
2053 1323 2260 1400 Quint.
2283 1324 2347 1388 II
2378 1324 2522 1405 582,

186 1436 192 1443 ’
273 1424 467 1516 νηδίϊ.
503 1426 620 1510 μὲν
671 1423 913 1501 πόσιος
959 1424 1117 1506 Opp.
1165 1424 1314 1506 Cyn.
1359 1426 1392 1490 I
1438 1422 1590 1505 346,
1636 1425 1862 1506 quibus
1909 1426 2194 1507 dactylus
2223 1444 2362 1507 ,non
2404 1428 2523 1491 mi-

281 1549 400 1595 nus
452 1528 746 1593 convenit
797 1545 987 1608 quam
1031 1527 1346 1608 spondeus
1360 1578 1374 1606 ‚
1440 1527 1736 1608 idemque
1775 1528 2087 1609 probatur.
2146 1533 2292 1593 ante
2337 1547 2522 1610 spon·
2573 1566 2586 1579 .

277 1631 467 1697 deum
527 1625 700 1710 ὅϊζιῒὶ·
743 1627 1180 1710 μοχθίζοντες
1232 1628 1436 1710 Apoll.
1483 1629 1575 1694 IV
1622 1627 1771 1709 192,
1847 1635 1914 1694 et
1976 1631 2262 1711 graviore
2329 1632 2521 1695 etiam

270 1735 516 1798 ratione
584 1733 977 1795 sustentatur
1044 1726 1111 1794 ἐν
1170 1728 1360 1814 νηδύϊ
1405 1726 1649 1811 χαλκός
1702 1730 1775 1795 Il.
1820 1731 1943 1795 XX
1985 1729 2140 1810 486,
2210 1732 2520 1813 quomodo

273 1835 466 1902 schol.
512 1830 638 1914 legi
681 1835 959 1896 testatur
1021 1849 1137 1911 pro
1190 1849 1357 1897 nunc
1410 1837 1667 1914 recepto
1713 1830 2030 1916 πνεύμονι
2066 1833 2132 1916 ¹).
2245 1832 2370 1897 Sex
2414 1853 2519 1899 su-

267 1936 484 2018 perius
529 1935 739 2000 allatis
783 1934 1175 2016 grammatici
1233 1934 1323 1997 sic
1367 1934 1659 2016 opitulati
1702 1939 1877 2014 sunt,
1942 1939 2017 1999 ut
2061 1935 2220 2000 duas
2264 1936 2518 2001 ultimas

266 2037 517 2103 vocales
560 2038 792 2118 raptim
844 2037 1315 2118 pronunciando
1382 2036 1464 2100 ad
1510 2037 1783 2117 speciem
1837 2037 2024 2102 unius
2079 2036 2358 2119 syllabae
2414 2055 2515 2102 re·

267 2140 491 2204 dactas
518 2155 688 2203 ·esse
746 2142 1069 2203 sumerent
1123 2143 1418 2203 manente
1461 2139 1792 2221 utriusque
1849 2157 2000 2205 sono
2045 2139 2327 2220 proprio,
2355 2168 2367 2179 «
2394 2157 2518 2220 quo

155 2316 163 2323 ,
262 2225 610 2322 praetextu
668 2239 1094 2321 diphthongus
1138 2240 1430 2305 evitatur.
1497 2240 1646 2305 Alii
1711 2241 1829 2305 hoc
1897 2241 2231 2321 repudiato
2296 2258 2520 2307 versus

260 2344 407 2408 illos
453 2334 891 2424 hypermetros
936 2358 1078 2406 esse
1125 2328 1512 2421 statuenmt,
1570 2342 1671 2406 cui
1731 2343 2007 2423 opinioni
2052 2343 2340 2408 addictus
2384 2341 2513 2408 He-

262 2446 556 2529 phaestio
598 2462 659 2526 p.
710 2443 829 2509 115
889 2443 987 2509 ed.
1036 2442 1232 2508 Gaisf.
1277 2443 1683 2511 Homericum
1739 2444 1918 2509 illum
1989 2442 2103 2510 ἐπὶ
2173 2445 2247 2511 δὲ
2315 2441 2514 2533 ζώνην

255 2542 482 2629 βάλετ’
510 2542 645 2624 ἶξὺϊ
666 2546 1048 2612 subridicule
1072 2543 1502 2628 δολιχόουρον
1525 2545 1817 2627 appellat.
1839 2583 1911 2592 —-
1928 2546 2252 2610 Hactenus
2277 2548 2514 2614 dictum

264 2652 346 2716 de
390 2649 679 2714 versibus
692 2698 707 2728 ‚
751 2650 818 2713 in
863 2641 1091 2730 quibus
1135 2647 1256 2712 v‘ox
1300 2646 1686 2729 diphthongo
1728 2648 2015 2728 proxima
2058 2665 2396 2714 consonam
2450 2652 2517 2714 in

260 2737 572 2834 principio
618 2749 828 2816 habet.
916 2749 1108 2814 Nulla
1152 2768 1301 2815 vero
1346 2750 1619 2814 tricandi
1673 2750 1852 2830 copia
1909 2749 2121 2827 datur,
2189 2749 2299 2814 ubi
2366 2750 2511 2815 sub-

264 2854 556 2934 sequitur
596 2852 847 2916 vocalis,
938 2850 1132 2915 Cuius
1154 2853 1402 2932 generis
1426 2852 1551 2972 duo
1575 2856 1723 2914 sunt
1744 2850 1865 2914 loci
1888 2853 2250 2914 constanter
2275 2852 2512 2932 scripti,

258 2973 423 3021 unus
466 2953 730 3018 Hesiodi
760 2953 991 3034 Theog.
1022 2951 1149 3016 823
1197 2947 1300 3017 ἐπ’
1351 2947 1532 3032 ισχι’ἵ
1571 2947 1839 3038 ἔργματ’
1888 2950 2145 3033 ἔχουσα,
2194 2952 2357 3017 alter
2400 2953 2510 3017 eli-

264 3059 442 3123 sione
488 3054 784 3120 defensus
828 3055 893 3134 in
936 3054 1015 3119 H.
1060 3053 1140 3118 H.
1195 3053 1261 3116 in
1303 3051 1506 3133 Apoll.
1538 3053 1667 3118 210
1706 3046 1901 3133 ”Ἰσχυ
1940 3048 2060 3135 ἅμ’
2114 3048 2423 3142 ἀντιθέῳ
2430 3056 2511 3138 *).

269 3158 571 3223 Fluctuat
612 3174 762 3222 vero
808 3157 1121 3237 scriptura
1162 3139 1340 3219 Pind.
1387 3153 1483 3218 Ol.
1528 3154 1689 3218 XIII
1739 3152 1878 3218 121.
1940 3154 2063 3219 Hic
2105 3155 2250 3219 libri
2294 3135 2526 3237 optimi'

266 3259 575 3340 praebent
626 3258 800 3343 γένυὶ
838 3262 1140 3339 sequente
1206 3257 1271 3320 in
1327 3232 1527 3321 altero
1582 3273 1772 3320 versu
1835 3251 2074 3336 annone,
2105 3276 2307 3321 unus
2351 3258 2509 3339 Aug.

265 3354 423 3443 γένει’
473 3377 615 3423 cum
659 3358 1056 3438 apostropho‚
1104 3374 1304 3437 quo„
1342 3357 1534 3420 breve
1556 3356 1949 3436 relinquitur,
1996 3356 2136 3420 edd.
2161 3362 2311 3421 vett.
2337 3359 2504 3441 γένυ,

261 3465 346 3526 ut
372 3462 440 3525 in
485 3459 674 3525 schol.
721 3460 978 3541 antiquo
1023 3460 1327 3550 scriptum
1371 3461 1499 3536 est,
1561 3455 1938 3522 novissimae
1982 3457 2173 3540 γένυι.
2263 3458 2350 3522 Et
2392 3459 2510 3523 hoc

270 3562 666 3627 Hermannus
732 3579 979 3642 quoque
1036 3560 1360 3641 amplexus
1417 3531 1544 3639 est,
1609 3559 1718 3640 qui
1775 3557 1898 3622 alio
1941 3562 2224 3639 tempore
2270 3560 2502 3678 wind-53

263 3664 515 3744 scripsit
559 3662 786 3744 Opusc.
831 3663 929 3729 III
973 3664 1056 3728 72
1098 3663 1323 3727 ultima
1366 3659 1781 3740 circumflexa,
1827 3679 1952 3743 quo
1993 3661 2293 3727 indicavit
2336 3663 2506 3745 ypsi-

264 3765 367 3831 lon
408 3770 640 3830 natura
681 3764 872 3830 breve
916 3766 1175 3846 produci
1219 3763 1501 3830 subsidio
1542 3764 1767 3829 literae
1824 3763 1884 3827 ei
1926 3763 2272 3843 involutae,
2340 3783 2502 3845 quae

401 3952 456 4017 l)
509 3953 675 4017 Illud„
727 3954 830 4003 nisi
873 3952 1125 4014 fallimur,
1201 3953 1411 4003 unicum
1459 3956 1540 4001 est
1584 3951 1746 4002 dativi
1788 3952 1981 4018 integri
2033 3945 2175 4017 apud
2217 3952 2505 4005 Homerum

262 4040 570 4107 exemplum.
620 4040 870 4090 Dativum
906 4039 1065 4104 ῗχθυῒ
1092 4038 1232 4089 unde
1258 4038 1612 4089 Buttmannus
1641 4037 1688 4097 §-
1711 4034 1782 4088 50
1815 4037 1936 4087 adn.
1959 4035 1988 4088 1
2028 4038 2272 4088 sumserit
2303 4040 2507 4101 nescio,

271 4142 368 4179 nec
400 4126 603 4177 indicat
634 4123 934 4176 Boeckhius
972 4124 1038 4174 ad
1072 4120 1226 4176 Pind.
1261 4123 1382 4175 Not.
1419 4120 1549 4173 erit.
1584 4138 1637 4187 p.
1673 4118 1795 4175 425.
2160 4189 2164 4193 ,

397 4210 457 4274 ³³)
516 4210 589 4269 In
617 4226 790 4276 progr.
832 4208 986 4272 Gond.
1025 4208 1206 4260 Prusa.
1249 4224 1394 4275 regn.
1429 4206 1659 4258 XVIII
1692 4205 1816 4258 Jan.
1857 4201 1994 4260 1857
2030 4222 2091 4270 p.
2126 4201 2196 4257 10
2251 4201 2512 4254 addt'twm:

268 4299 406 4363 „nisi
438 4298 528 4349 hio
553 4287 727 4363 Ἴσχυι
760 4294 986 4345 scribere
1019 4293 1147 4345 libet
1181 4291 1791 4360 omissappostropho‘ss
1826 4291 1990 4343 omiu-
2024 4289 2083 4340 in
2115 4304 2297 4339 masor.
