<?xml version="1.0" encoding="UTF-8"?>
<!DOCTYPE html PUBLIC "-//W3C//DTD XHTML 1.0 Transitional//EN"
    "http://www.w3.org/TR/xhtml1/DTD/xhtml1-transitional.dtd">
<html xmlns="http://www.w3.org/1999/xhtml" xml:lang="en" lang="en">
 <head>
  <title>
</title>
<meta http-equiv="Content-Type" content="text/html;charset=utf-8" />
  <meta name='ocr-system' content='tesseract 3.04.00' />
  <meta name='ocr-capabilities' content='ocr_page ocr_carea ocr_par ocr_line ocrx_word'/>
</head>
<body>
  <div class='ocr_page' id='page_1' title='image "./pathologiaegrae02lobegoog_0123.png"; bbox 0 0 2946 4928; ppageno 0'>
   <div class='ocr_carea' id='block_1_1' title="bbox 391 316 2481 406">
    <p class='ocr_par' dir='ltr' id='par_1_1' title="bbox 391 316 2481 406">
     <span class='ocr_line' id='line_1_1' title="bbox 391 316 2481 406; baseline 0.001 -23"><span class='ocrx_word' id='word_1_1' title='bbox 391 317 505 383; x_wconf 90' lang='lat' dir='ltr'><strong>DE</strong></span> <span class='ocrx_word' id='word_1_2' title='bbox 552 316 1039 401; x_wconf 84' lang='lat' dir='ltr'><strong>SYNAERESI,</strong></span> <span class='ocrx_word' id='word_1_3' title='bbox 1083 316 1484 384; x_wconf 86' lang='lat' dir='ltr'><strong>DIAERESI</strong></span> <span class='ocrx_word' id='word_1_4' title='bbox 1527 323 1645 384; x_wconf 87' lang='lat' dir='ltr'><strong>etc.</strong></span> <span class='ocrx_word' id='word_1_5' title='bbox 1710 318 1779 384; x_wconf 91' lang='lat' dir='ltr'><strong>P.</strong></span> <span class='ocrx_word' id='word_1_6' title='bbox 1802 318 1884 384; x_wconf 96' lang='lat' dir='ltr'><strong>II.</strong></span> <span class='ocrx_word' id='word_1_7' title='bbox 1930 316 1997 384; x_wconf 84' lang='lat' dir='ltr'><strong>G.</strong></span> <span class='ocrx_word' id='word_1_8' title='bbox 2022 318 2104 385; x_wconf 91' lang='grc' dir='ltr'><strong>Π.</strong></span> <span class='ocrx_word' id='word_1_9' title='bbox 2151 320 2204 406; x_wconf 62' lang='lat' dir='ltr'><strong>g.</strong></span> <span class='ocrx_word' id='word_1_10' title='bbox 2228 319 2287 385; x_wconf 91' lang='grc'><strong>4.</strong></span> <span class='ocrx_word' id='word_1_11' title='bbox 2360 318 2481 385; x_wconf 73' lang='lat'><strong>10&#39;7</strong></span> 
     </span>
    </p>
   </div>
   <div class='ocr_carea' id='block_1_2' title="bbox 215 479 2487 977">
    <p class='ocr_par' dir='ltr' id='par_1_2' title="bbox 215 479 2487 977">
     <span class='ocr_line' id='line_1_2' title="bbox 224 479 2481 570; baseline 0.002 -23"><span class='ocrx_word' id='word_1_12' title='bbox 224 481 569 564; x_wconf 74' lang='lat' dir='ltr'><strong>syncopae</strong></span> <span class='ocrx_word' id='word_1_13' title='bbox 614 482 921 570; x_wconf 30' lang='lat' dir='ltr'><strong>exempla,</strong></span> <span class='ocrx_word' id='word_1_14' title='bbox 945 501 1059 548; x_wconf 88' lang='lat' dir='ltr'><strong>seu</strong></span> <span class='ocrx_word' id='word_1_15' title='bbox 1101 501 1255 549; x_wconf 80' lang='lat' dir='ltr'><strong>vera</strong></span> <span class='ocrx_word' id='word_1_16' title='bbox 1299 498 1414 547; x_wconf 92' lang='lat' dir='ltr'><strong>seu</strong></span> <span class='ocrx_word' id='word_1_17' title='bbox 1438 482 1754 565; x_wconf 82' lang='lat' dir='ltr'><strong>ambigua</strong></span> <span class='ocrx_word' id='word_1_18' title='bbox 1796 479 2127 562; x_wconf 71' lang='grc' dir='ltr'><strong>Αῗθοπες</strong></span> <span class='ocrx_word' id='word_1_19' title='bbox 2170 488 2288 550; x_wconf 92' lang='lat' dir='ltr'><strong>etc.</strong></span> <span class='ocrx_word' id='word_1_20' title='bbox 2334 503 2481 551; x_wconf 86' lang='lat' dir='ltr'><strong>exa-</strong></span> 
     </span>
     <span class='ocr_line' id='line_1_3' title="bbox 215 584 2484 674; baseline 0.002 -24"><span class='ocrx_word' id='word_1_21' title='bbox 215 586 475 650; x_wconf 82' lang='lat' dir='ltr'><strong>minavi</strong></span> <span class='ocrx_word' id='word_1_22' title='bbox 539 585 804 652; x_wconf 93' lang='lat' dir='ltr'><strong>Elemm.</strong></span> <span class='ocrx_word' id='word_1_23' title='bbox 863 586 896 651; x_wconf 95' lang='lat' dir='ltr'>I</span> <span class='ocrx_word' id='word_1_24' title='bbox 944 584 1087 674; x_wconf 66' lang='grc' dir='ltr'><strong>ι286</strong></span> <span class='ocrx_word' id='word_1_25' title='bbox 1150 586 1543 650; x_wconf 76' lang='lat' dir='ltr'><strong>transmissis</strong></span> <span class='ocrx_word' id='word_1_26' title='bbox 1609 586 1966 651; x_wconf 78' lang='lat' dir='ltr'>nominibus</span> <span class='ocrx_word' id='word_1_27' title='bbox 2032 585 2348 653; x_wconf 82' lang='lat' dir='ltr'><strong>femininis</strong></span> <span class='ocrx_word' id='word_1_28' title='bbox 2418 588 2484 654; x_wconf 92' lang='lat' dir='ltr'><strong>in</strong></span> 
     </span>
     <span class='ocr_line' id='line_1_4' title="bbox 219 682 2484 771; baseline 0.002 -18"><span class='ocrx_word' id='word_1_29' title='bbox 219 692 304 765; x_wconf 57' lang='lat' dir='ltr'><em>E</em></span> <span class='ocrx_word' id='word_1_30' title='bbox 361 693 426 753; x_wconf 80' lang='lat' dir='ltr'><strong>et</strong></span> <span class='ocrx_word' id='word_1_31' title='bbox 471 688 558 764; x_wconf 71' lang='grc' dir='ltr'><strong>ἶᾶξ</strong></span> <span class='ocrx_word' id='word_1_32' title='bbox 593 682 951 767; x_wconf 74' lang='grc' dir='ltr'><strong><em>Ἓλικωνίς,</em></strong></span> <span class='ocrx_word' id='word_1_33' title='bbox 990 683 1372 766; x_wconf 75' lang='grc' dir='ltr'><strong><em>Ἑλικωνιᾶς</em></strong></span> <span class='ocrx_word' id='word_1_34' title='bbox 1415 690 1556 767; x_wconf 64' lang='lat' dir='ltr'><strong>etc„</strong></span> <span class='ocrx_word' id='word_1_35' title='bbox 1599 708 1655 754; x_wconf 83' lang='lat' dir='ltr'><strong>v.</strong></span> <span class='ocrx_word' id='word_1_36' title='bbox 1680 687 2041 769; x_wconf 78' lang='lat' dir='ltr'><strong>Proll.464,</strong></span> <span class='ocrx_word' id='word_1_37' title='bbox 2087 709 2251 771; x_wconf 83' lang='lat' dir='ltr'><strong>quae</strong></span> <span class='ocrx_word' id='word_1_38' title='bbox 2294 691 2484 758; x_wconf 77' lang='lat' dir='ltr'><strong>huius</strong></span> 
     </span>
     <span class='ocr_line' id='line_1_5' title="bbox 221 788 2484 879; baseline 0 -21"><span class='ocrx_word' id='word_1_39' title='bbox 221 792 363 858; x_wconf 87' lang='lat' dir='ltr'><strong>loci</strong></span> <span class='ocrx_word' id='word_1_40' title='bbox 404 809 532 856; x_wconf 91' lang='lat' dir='ltr'><strong>non</strong></span> <span class='ocrx_word' id='word_1_41' title='bbox 576 795 740 856; x_wconf 86' lang='lat' dir='ltr'><strong>sunt.</strong></span> <span class='ocrx_word' id='word_1_42' title='bbox 792 827 861 838; x_wconf 78' lang='lat'><strong>——</strong></span> <span class='ocrx_word' id='word_1_43' title='bbox 914 791 990 855; x_wconf 92' lang='lat' dir='ltr'><strong>In</strong></span> <span class='ocrx_word' id='word_1_44' title='bbox 1032 790 1246 856; x_wconf 80' lang='lat' dir='ltr'><strong>futuro</strong></span> <span class='ocrx_word' id='word_1_45' title='bbox 1288 788 1601 874; x_wconf 75' lang='grc' dir='ltr'><em>βώσεσθε</em></span> <span class='ocrx_word' id='word_1_46' title='bbox 1650 797 1716 855; x_wconf 90' lang='lat' dir='ltr'><strong>et</strong></span> <span class='ocrx_word' id='word_1_47' title='bbox 1760 794 1990 879; x_wconf 76' lang='grc' dir='ltr'>σωπᾷν</span> <span class='ocrx_word' id='word_1_48' title='bbox 2057 792 2484 865; x_wconf 89' lang='lat' dir='ltr'><strong>Buttmannus</strong></span> 
     </span>
     <span class='ocr_line' id='line_1_6' title="bbox 220 892 2487 977; baseline 0.001 -18"><span class='ocrx_word' id='word_1_49' title='bbox 220 896 297 959; x_wconf 90' lang='lat' dir='ltr'><strong>in</strong></span> <span class='ocrx_word' id='word_1_50' title='bbox 348 894 486 959; x_wconf 90' lang='lat' dir='ltr'><strong>Ind.</strong></span> <span class='ocrx_word' id='word_1_51' title='bbox 530 894 818 960; x_wconf 87' lang='lat' dir='ltr'><strong>Anomm.</strong></span> <span class='ocrx_word' id='word_1_52' title='bbox 868 893 936 958; x_wconf 88' lang='lat' dir='ltr'><strong>T.</strong></span> <span class='ocrx_word' id='word_1_53' title='bbox 982 893 1049 958; x_wconf 94' lang='lat' dir='ltr'><strong>II</strong></span> <span class='ocrx_word' id='word_1_54' title='bbox 1098 893 1218 960; x_wconf 85' lang='lat'><strong>130</strong></span> <span class='ocrx_word' id='word_1_55' title='bbox 1284 896 1416 959; x_wconf 88' lang='lat' dir='ltr'><strong>iota</strong></span> <span class='ocrx_word' id='word_1_56' title='bbox 1476 893 1844 974; x_wconf 87' lang='lat' dir='ltr'><strong>absorptum</strong></span> <span class='ocrx_word' id='word_1_57' title='bbox 1887 898 2072 974; x_wconf 92' lang='lat' dir='ltr'><strong>putat</strong></span> <span class='ocrx_word' id='word_1_58' title='bbox 2117 892 2407 977; x_wconf 90' lang='lat' dir='ltr'><strong>[Elemm.</strong></span> <span class='ocrx_word' id='word_1_59' title='bbox 2452 897 2487 961; x_wconf 94' lang='lat' dir='ltr'>I</span> 
     </span>
    </p>
   </div>
   <div class='ocr_carea' id='block_1_3' title="bbox 224 988 2526 1082">
    <p class='ocr_par' dir='ltr' id='par_1_3' title="bbox 224 988 2526 1082">
     <span class='ocr_line' id='line_1_7' title="bbox 224 988 2526 1082; baseline 0.001 -21"><span class='ocrx_word' id='word_1_60' title='bbox 224 995 457 1082; x_wconf 81' lang='lat'><strong>276].·</strong></span> <span class='ocrx_word' id='word_1_61' title='bbox 466 1033 538 1043; x_wconf 87' lang='lat'><strong>——</strong></span> <span class='ocrx_word' id='word_1_62' title='bbox 592 994 833 1080; x_wconf 80' lang='grc' dir='ltr'><strong><em>Λαρός</em></strong></span> <span class='ocrx_word' id='word_1_63' title='bbox 898 1000 987 1061; x_wconf 92' lang='lat' dir='ltr'><strong>et·</strong></span> <span class='ocrx_word' id='word_1_64' title='bbox 1010 991 1243 1082; x_wconf 80' lang='grc' dir='ltr'><strong><em>λιαρός</em></strong></span> <span class='ocrx_word' id='word_1_65' title='bbox 1308 995 1581 1061; x_wconf 87' lang='lat' dir='ltr'><strong>fortasse</strong></span> <span class='ocrx_word' id='word_1_66' title='bbox 1647 996 1727 1061; x_wconf 88' lang='lat' dir='ltr'><strong>ab</strong></span> <span class='ocrx_word' id='word_1_67' title='bbox 1772 995 1997 1061; x_wconf 91' lang='lat' dir='ltr'><strong>eodem</strong></span> <span class='ocrx_word' id='word_1_68' title='bbox 2042 999 2247 1078; x_wconf 86' lang='lat' dir='ltr'><strong>capite</strong></span> <span class='ocrx_word' id='word_1_69' title='bbox 2293 988 2526 1064; x_wconf 70' lang='lat' dir='ltr'><strong>ducta‘</strong></span> 
     </span>
    </p>
   </div>
   <div class='ocr_carea' id='block_1_4' title="bbox 220 1097 2486 1495">
    <p class='ocr_par' dir='ltr' id='par_1_4' title="bbox 222 1097 2486 1287">
     <span class='ocr_line' id='line_1_8' title="bbox 222 1097 2353 1188; baseline -0.001 -22"><span class='ocrx_word' id='word_1_70' title='bbox 222 1105 390 1166; x_wconf 87' lang='lat' dir='ltr'><strong>sunt</strong></span> <span class='ocrx_word' id='word_1_71' title='bbox 435 1097 891 1181; x_wconf 86' lang='lat' dir='ltr'><strong>significatione</strong></span> <span class='ocrx_word' id='word_1_72' title='bbox 934 1117 1061 1163; x_wconf 85' lang='grc'><strong>11011</strong></span> <span class='ocrx_word' id='word_1_73' title='bbox 1105 1099 1444 1164; x_wconf 79' lang='lat' dir='ltr'><strong>admodum</strong></span> <span class='ocrx_word' id='word_1_74' title='bbox 1498 1098 1747 1164; x_wconf 86' lang='lat' dir='ltr'><strong>diversa</strong></span> <span class='ocrx_word' id='word_1_75' title='bbox 1792 1097 2038 1188; x_wconf 87' lang='lat' dir='ltr'><strong>[Rhem.</strong></span> <span class='ocrx_word' id='word_1_76' title='bbox 2084 1098 2167 1165; x_wconf 87' lang='grc'><strong>29</strong></span> <span class='ocrx_word' id='word_1_77' title='bbox 2213 1100 2353 1185; x_wconf 73' lang='grc' dir='ltr'><strong>ε(1..]</strong></span> 
     </span>
     <span class='ocr_line' id='line_1_9' title="bbox 415 1199 2486 1287; baseline 0.001 -19"><span class='ocrx_word' id='word_1_78' title='bbox 415 1203 470 1287; x_wconf 65' lang='grc' dir='ltr'><strong>ξ.</strong></span> <span class='ocrx_word' id='word_1_79' title='bbox 517 1203 574 1268; x_wconf 84' lang='grc'><strong>5.</strong></span> <span class='ocrx_word' id='word_1_80' title='bbox 663 1202 711 1267; x_wconf 92' lang='lat' dir='ltr'><strong>I.</strong></span> <span class='ocrx_word' id='word_1_81' title='bbox 805 1203 850 1271; x_wconf 82' lang='grc' dir='ltr'><em>ὃ</em></span> <span class='ocrx_word' id='word_1_82' title='bbox 894 1207 960 1266; x_wconf 87' lang='lat' dir='ltr'><strong>et</strong></span> <span class='ocrx_word' id='word_1_83' title='bbox 1005 1199 1042 1270; x_wconf 70' lang='grc' dir='ltr'>ἆ</span> <span class='ocrx_word' id='word_1_84' title='bbox 1081 1203 1224 1284; x_wconf 93' lang='lat' dir='ltr'><strong>plus</strong></span> <span class='ocrx_word' id='word_1_85' title='bbox 1265 1220 1390 1266; x_wconf 89' lang='lat' dir='ltr'><strong>uno</strong></span> <span class='ocrx_word' id='word_1_86' title='bbox 1433 1201 1619 1266; x_wconf 93' lang='lat' dir='ltr'><strong>modo</strong></span> <span class='ocrx_word' id='word_1_87' title='bbox 1665 1201 2136 1268; x_wconf 88' lang='lat' dir='ltr'><strong>contrahuntur.</strong></span> <span class='ocrx_word' id='word_1_88' title='bbox 2202 1203 2486 1270; x_wconf 90' lang='lat' dir='ltr'><strong>Primum</strong></span> 
     </span>
    </p>

    <p class='ocr_par' dir='ltr' id='par_1_5' title="bbox 220 1304 2479 1389">
     <span class='ocr_line' id='line_1_10' title="bbox 220 1304 2479 1389; baseline -0.001 -15"><span class='ocrx_word' id='word_1_89' title='bbox 220 1308 296 1374; x_wconf 88' lang='lat' dir='ltr'><strong>in</strong></span> <span class='ocrx_word' id='word_1_90' title='bbox 359 1342 406 1377; x_wconf 84' lang='grc' dir='ltr'><em>ω</em></span> <span class='ocrx_word' id='word_1_91' title='bbox 468 1307 536 1372; x_wconf 93' lang='lat' dir='ltr'><strong>in</strong></span> <span class='ocrx_word' id='word_1_92' title='bbox 581 1305 838 1387; x_wconf 79' lang='lat' dir='ltr'><strong>syllabis</strong></span> <span class='ocrx_word' id='word_1_93' title='bbox 900 1304 1348 1387; x_wconf 84' lang='lat' dir='ltr'><strong>principalibus</strong></span> <span class='ocrx_word' id='word_1_94' title='bbox 1412 1304 1763 1388; x_wconf 85' lang='lat' dir='ltr'><strong>nominum.</strong></span> <span class='ocrx_word' id='word_1_95' title='bbox 1836 1305 1996 1387; x_wconf 82' lang='grc' dir='ltr'><strong>βῶξ</strong></span> <span class='ocrx_word' id='word_1_96' title='bbox 2042 1311 2479 1389; x_wconf 74' lang='grc' dir='ltr'><strong><em>περισπᾶται,</em></strong></span> 
     </span>
    </p>

    <p class='ocr_par' dir='ltr' id='par_1_6' title="bbox 225 1402 2479 1495">
     <span class='ocr_line' id='line_1_11' title="bbox 225 1402 2479 1495; baseline -0 -20"><span class='ocrx_word' id='word_1_97' title='bbox 225 1408 389 1476; x_wconf 73' lang='grc' dir='ltr'><strong><em>ἐπεὶ</em></strong></span> <span class='ocrx_word' id='word_1_98' title='bbox 448 1404 687 1474; x_wconf 80' lang='grc' dir='ltr'><em>τούτου</em></span> <span class='ocrx_word' id='word_1_99' title='bbox 733 1404 1193 1495; x_wconf 73' lang='grc' dir='ltr'><strong><em>ἐντελέστερόν,</em></strong></span> <span class='ocrx_word' id='word_1_100' title='bbox 1255 1405 1395 1473; x_wconf 74' lang='grc' dir='ltr'><strong><em>ἐστι</em></strong></span> <span class='ocrx_word' id='word_1_101' title='bbox 1461 1406 1538 1470; x_wconf 72' lang='grc' dir='ltr'><strong>ἰὸ</strong></span> <span class='ocrx_word' id='word_1_102' title='bbox 1583 1402 1788 1487; x_wconf 81' lang='grc' dir='ltr'><strong><em>βόαξ</em></strong></span> <span class='ocrx_word' id='word_1_103' title='bbox 1850 1408 2073 1473; x_wconf 84' lang='lat' dir='ltr'><strong>Joann.</strong></span> <span class='ocrx_word' id='word_1_104' title='bbox 2120 1408 2271 1473; x_wconf 89' lang='lat' dir='ltr'><strong>Ton.</strong></span> <span class='ocrx_word' id='word_1_105' title='bbox 2314 1427 2377 1490; x_wconf 73' lang='lat' dir='ltr'><strong>p.</strong></span> <span class='ocrx_word' id='word_1_106' title='bbox 2422 1408 2479 1475; x_wconf 86' lang='lat'><strong>7.</strong></span> 
     </span>
    </p>
   </div>
   <div class='ocr_carea' id='block_1_5' title="bbox 162 1499 2489 1598">
    <p class='ocr_par' dir='ltr' id='par_1_7' title="bbox 162 1499 2489 1598">
     <span class='ocr_line' id='line_1_12' title="bbox 162 1499 2489 1598; baseline 0 -23"><span class='ocrx_word' id='word_1_107' title='bbox 162 1577 163 1586; x_wconf 60' lang='grc'>,</span> <span class='ocrx_word' id='word_1_108' title='bbox 218 1511 514 1593; x_wconf 84' lang='lat' dir='ltr'><strong>Etymon</strong></span> <span class='ocrx_word' id='word_1_109' title='bbox 556 1511 852 1592; x_wconf 73' lang='lat' dir='ltr'><strong>proponit</strong></span> <span class='ocrx_word' id='word_1_110' title='bbox 894 1499 1366 1576; x_wconf 88' lang='lat' dir='ltr'><strong>Choeroboscus</strong></span> <span class='ocrx_word' id='word_1_111' title='bbox 1412 1507 1564 1573; x_wconf 88' lang='lat' dir='ltr'><strong>Can.</strong></span> <span class='ocrx_word' id='word_1_112' title='bbox 1596 1506 1716 1573; x_wconf 86' lang='grc'><strong>114</strong></span> <span class='ocrx_word' id='word_1_113' title='bbox 1759 1509 1939 1593; x_wconf 80' lang='grc' dir='ltr'><strong><em>παρὰ</em></strong></span> <span class='ocrx_word' id='word_1_114' title='bbox 1985 1509 2059 1575; x_wconf 82' lang='grc' dir='ltr'><strong>τὸ</strong></span> <span class='ocrx_word' id='word_1_115' title='bbox 2104 1507 2254 1598; x_wconf 82' lang='grc' dir='ltr'><strong>βοή</strong></span> <span class='ocrx_word' id='word_1_116' title='bbox 2283 1507 2489 1594; x_wconf 83' lang='grc' dir='ltr'>βόαξ</span> 
     </span>
    </p>
   </div>
   <div class='ocr_carea' id='block_1_6' title="bbox 221 1610 2492 3443">
    <p class='ocr_par' dir='ltr' id='par_1_8' title="bbox 221 1610 2492 3443">
     <span class='ocr_line' id='line_1_13' title="bbox 221 1610 2487 1700; baseline 0 -21"><span class='ocrx_word' id='word_1_117' title='bbox 221 1614 346 1681; x_wconf 82' lang='grc' dir='ltr'><strong>καὶ</strong></span> <span class='ocrx_word' id='word_1_118' title='bbox 395 1612 562 1679; x_wconf 82' lang='grc' dir='ltr'><strong><em>κατὰ</em></strong></span> <span class='ocrx_word' id='word_1_119' title='bbox 608 1617 844 1700; x_wconf 79' lang='grc' dir='ltr'><strong><em>κρᾶσιν</em></strong></span> <span class='ocrx_word' id='word_1_120' title='bbox 897 1610 1057 1695; x_wconf 82' lang='grc' dir='ltr'><strong>βώξ</strong></span> <span class='ocrx_word' id='word_1_121' title='bbox 1123 1612 1269 1696; x_wconf 86' lang='lat' dir='ltr'><strong>(hoc</strong></span> <span class='ocrx_word' id='word_1_122' title='bbox 1313 1611 1489 1693; x_wconf 69' lang='lat' dir='ltr'><strong>ace),</strong></span> <span class='ocrx_word' id='word_1_123' title='bbox 1554 1627 1671 1676; x_wconf 85' lang='lat' dir='ltr'><strong>nec</strong></span> <span class='ocrx_word' id='word_1_124' title='bbox 1736 1611 2031 1678; x_wconf 83' lang='lat' dir='ltr'><strong>dissentit</strong></span> <span class='ocrx_word' id='word_1_125' title='bbox 2072 1612 2487 1680; x_wconf 77' lang='lat' dir='ltr'><strong>Pherecrates</strong></span> 
     </span>
     <span class='ocr_line' id='line_1_14' title="bbox 225 1712 2485 1799; baseline -0 -17"><span class='ocrx_word' id='word_1_126' title='bbox 225 1717 410 1784; x_wconf 89' lang='lat' dir='ltr'><strong>hunc</strong></span> <span class='ocrx_word' id='word_1_127' title='bbox 453 1733 651 1785; x_wconf 88' lang='lat' dir='ltr'><strong>unum</strong></span> <span class='ocrx_word' id='word_1_128' title='bbox 693 1715 961 1795; x_wconf 81' lang='lat' dir='ltr'><strong>piscium</strong></span> <span class='ocrx_word' id='word_1_129' title='bbox 1007 1733 1046 1781; x_wconf 88' lang='lat' dir='ltr'><strong>a</strong></span> <span class='ocrx_word' id='word_1_130' title='bbox 1087 1720 1320 1780; x_wconf 87' lang='lat' dir='ltr'><strong>natura</strong></span> <span class='ocrx_word' id='word_1_131' title='bbox 1360 1732 1581 1780; x_wconf 88' lang='lat' dir='ltr'><strong>vocem</strong></span> <span class='ocrx_word' id='word_1_132' title='bbox 1623 1714 1942 1796; x_wconf 87' lang='lat' dir='ltr'><strong>accepisse</strong></span> <span class='ocrx_word' id='word_1_133' title='bbox 1987 1712 2310 1780; x_wconf 87' lang='lat' dir='ltr'><strong>affirmans</strong></span> <span class='ocrx_word' id='word_1_134' title='bbox 2337 1715 2485 1799; x_wconf 89' lang='lat' dir='ltr'><strong>[Pa-</strong></span> 
     </span>
     <span class='ocr_line' id='line_1_15' title="bbox 224 1802 2487 1903; baseline 0 -18"><span class='ocrx_word' id='word_1_135' title='bbox 224 1802 379 1885; x_wconf 84' lang='lat' dir='ltr'><strong>rall.</strong></span> <span class='ocrx_word' id='word_1_136' title='bbox 433 1818 602 1903; x_wconf 66' lang='lat'><strong>109}</strong></span> <span class='ocrx_word' id='word_1_137' title='bbox 691 1818 898 1886; x_wconf 90' lang='lat' dir='ltr'><strong>Hodie</strong></span> <span class='ocrx_word' id='word_1_138' title='bbox 963 1822 1152 1883; x_wconf 90' lang='lat' dir='ltr'><strong>notus</strong></span> <span class='ocrx_word' id='word_1_139' title='bbox 1219 1822 1318 1883; x_wconf 91' lang='lat' dir='ltr'><strong>est</strong></span> <span class='ocrx_word' id='word_1_140' title='bbox 1366 1816 1508 1879; x_wconf 75' lang='lat' dir='ltr'><strong>-booe</strong></span> <span class='ocrx_word' id='word_1_141' title='bbox 1573 1835 1614 1881; x_wconf 86' lang='lat' dir='ltr'><strong>a</strong></span> <span class='ocrx_word' id='word_1_142' title='bbox 1665 1818 1968 1898; x_wconf 44' lang='lat' dir='ltr'><strong>grunnituw</strong></span> <span class='ocrx_word' id='word_1_143' title='bbox 2031 1818 2163 1882; x_wconf 86' lang='lat' dir='ltr'><strong>sive</strong></span> <span class='ocrx_word' id='word_1_144' title='bbox 2216 1819 2487 1886; x_wconf 87' lang='lat' dir='ltr'><strong>stridore</strong></span> 
     </span>
     <span class='ocr_line' id='line_1_16' title="bbox 226 1908 2489 2004; baseline -0 -16"><span class='ocrx_word' id='word_1_145' title='bbox 226 1941 433 2004; x_wconf 87' lang='lat' dir='ltr'><strong>quem</strong></span> <span class='ocrx_word' id='word_1_146' title='bbox 477 1922 610 1987; x_wconf 91' lang='lat' dir='ltr'><strong>edit</strong></span> <span class='ocrx_word' id='word_1_147' title='bbox 639 1916 694 2004; x_wconf 83' lang='lat'><strong>¹)</strong></span> <span class='ocrx_word' id='word_1_148' title='bbox 755 1908 1223 2000; x_wconf 88' lang='lat' dir='ltr'><strong>denominatus,</strong></span> <span class='ocrx_word' id='word_1_149' title='bbox 1292 1920 1408 1986; x_wconf 92' lang='lat' dir='ltr'><strong>sed</strong></span> <span class='ocrx_word' id='word_1_150' title='bbox 1457 1919 1628 1984; x_wconf 89' lang='lat' dir='ltr'><strong>idem</strong></span> <span class='ocrx_word' id='word_1_151' title='bbox 1671 1918 1751 1984; x_wconf 91' lang='lat' dir='ltr'><strong>ab</strong></span> <span class='ocrx_word' id='word_1_152' title='bbox 1796 1919 1937 1986; x_wconf 87' lang='lat' dir='ltr'><strong>aliis</strong></span> <span class='ocrx_word' id='word_1_153' title='bbox 1978 1917 2183 2003; x_wconf 84' lang='grc' dir='ltr'>βόωψ</span> <span class='ocrx_word' id='word_1_154' title='bbox 2212 1926 2489 1987; x_wconf 60' lang='lat' dir='ltr'><strong>vocatur</strong></span> 
     </span>
     <span class='ocr_line' id='line_1_17' title="bbox 228 2017 2491 2111; baseline -0 -20"><span class='ocrx_word' id='word_1_155' title='bbox 228 2026 470 2091; x_wconf 88' lang='lat' dir='ltr'><strong>eodem</strong></span> <span class='ocrx_word' id='word_1_156' title='bbox 537 2043 755 2103; x_wconf 79' lang='lat' dir='ltr'><strong>senSU,</strong></span> <span class='ocrx_word' id='word_1_157' title='bbox 819 2020 1276 2109; x_wconf 80' lang='grc' dir='ltr'><strong>(111οβυώπης.</strong></span> <span class='ocrx_word' id='word_1_158' title='bbox 1329 2058 1400 2068; x_wconf 83' lang='lat'><strong>—-</strong></span> <span class='ocrx_word' id='word_1_159' title='bbox 1451 2017 1753 2101; x_wconf 74' lang='grc' dir='ltr'><strong><em>Χόανος,</em></strong></span> <span class='ocrx_word' id='word_1_160' title='bbox 1818 2019 2018 2111; x_wconf 76' lang='grc' dir='ltr'>χοάνη</span> <span class='ocrx_word' id='word_1_161' title='bbox 2062 2022 2379 2090; x_wconf 89' lang='lat' dir='ltr'><strong>Homerus</strong></span> <span class='ocrx_word' id='word_1_162' title='bbox 2421 2029 2491 2090; x_wconf 91' lang='lat' dir='ltr'><strong>et</strong></span> 
     </span>
     <span class='ocr_line' id='line_1_18' title="bbox 228 2121 2487 2215; baseline 0 -22"><span class='ocrx_word' id='word_1_163' title='bbox 228 2128 562 2193; x_wconf 89' lang='lat' dir='ltr'><strong>Hesiodus</strong></span> <span class='ocrx_word' id='word_1_164' title='bbox 632 2127 955 2215; x_wconf 75' lang='lat' dir='ltr'><strong>dixerunt,</strong></span> <span class='ocrx_word' id='word_1_165' title='bbox 1020 2126 1406 2206; x_wconf 85' lang='lat' dir='ltr'><strong>posteriores</strong></span> <span class='ocrx_word' id='word_1_166' title='bbox 1468 2128 1704 2207; x_wconf 82' lang='grc' dir='ltr'><em>χῶνος,</em></span> <span class='ocrx_word' id='word_1_167' title='bbox 1771 2121 1945 2213; x_wconf 76' lang='grc' dir='ltr'><strong><em>χώνη</em></strong></span> <span class='ocrx_word' id='word_1_168' title='bbox 1981 2131 2079 2194; x_wconf 57' lang='grc' dir='ltr'><strong>,εἰ</strong></span> <span class='ocrx_word' id='word_1_169' title='bbox 2138 2130 2487 2208; x_wconf 76' lang='grc' dir='ltr'><strong><em>χωνεῦσαι,</em></strong></span> 
     </span>
     <span class='ocr_line' id='line_1_19' title="bbox 231 2224 2486 2311; baseline -0.001 -15"><span class='ocrx_word' id='word_1_170' title='bbox 231 2250 292 2296; x_wconf 83' lang='lat' dir='ltr'><strong>v.</strong></span> <span class='ocrx_word' id='word_1_171' title='bbox 344 2229 696 2296; x_wconf 89' lang='lat' dir='ltr'><strong>Maetzner.</strong></span> <span class='ocrx_word' id='word_1_172' title='bbox 743 2230 826 2295; x_wconf 88' lang='lat' dir='ltr'><strong>ad</strong></span> <span class='ocrx_word' id='word_1_173' title='bbox 869 2229 1136 2311; x_wconf 83' lang='lat' dir='ltr'><strong>Lycurg.</strong></span> <span class='ocrx_word' id='word_1_174' title='bbox 1180 2225 1332 2306; x_wconf 83' lang='lat'><strong>279,</strong></span> <span class='ocrx_word' id='word_1_175' title='bbox 1377 2227 1706 2293; x_wconf 89' lang='lat' dir='ltr'><strong>intellectu</strong></span> <span class='ocrx_word' id='word_1_176' title='bbox 1749 2224 1971 2294; x_wconf 88' lang='lat' dir='ltr'><strong>eodem</strong></span> <span class='ocrx_word' id='word_1_177' title='bbox 2012 2228 2115 2293; x_wconf 86' lang='lat' dir='ltr'><strong>vel</strong></span> <span class='ocrx_word' id='word_1_178' title='bbox 2156 2245 2283 2294; x_wconf 91' lang='lat' dir='ltr'><strong>non</strong></span> <span class='ocrx_word' id='word_1_179' title='bbox 2325 2230 2486 2295; x_wconf 75' lang='lat' dir='ltr'><strong>mul-</strong></span> 
     </span>
     <span class='ocr_line' id='line_1_20' title="bbox 232 2329 2478 2415; baseline -0 -16"><span class='ocrx_word' id='word_1_180' title='bbox 232 2340 380 2399; x_wconf 90' lang='lat' dir='ltr'><strong>tum</strong></span> <span class='ocrx_word' id='word_1_181' title='bbox 404 2334 672 2413; x_wconf 86' lang='lat' dir='ltr'><strong>diverso,</strong></span> <span class='ocrx_word' id='word_1_182' title='bbox 699 2332 866 2415; x_wconf 91' lang='lat' dir='ltr'><strong>quod</strong></span> <span class='ocrx_word' id='word_1_183' title='bbox 888 2335 1181 2398; x_wconf 87' lang='lat' dir='ltr'><strong>accurate</strong></span> <span class='ocrx_word' id='word_1_184' title='bbox 1212 2330 1607 2395; x_wconf 89' lang='lat' dir='ltr'><strong>demonstrat</strong></span> <span class='ocrx_word' id='word_1_185' title='bbox 1631 2329 2051 2397; x_wconf 82' lang='lat' dir='ltr'><strong>Schneiderus</strong></span> <span class='ocrx_word' id='word_1_186' title='bbox 2073 2332 2478 2398; x_wconf 80' lang='lat' dir='ltr'><strong>inLexico.—-</strong></span> 
     </span>
     <span class='ocr_line' id='line_1_21' title="bbox 233 2430 2489 2521; baseline 0 -18"><span class='ocrx_word' id='word_1_187' title='bbox 233 2436 578 2503; x_wconf 81' lang='lat' dir='ltr'><strong>Fi&#39;cticium</strong></span> <span class='ocrx_word' id='word_1_188' title='bbox 621 2439 721 2503; x_wconf 80' lang='lat' dir='ltr'><strong>est</strong></span> <span class='ocrx_word' id='word_1_189' title='bbox 766 2433 1093 2521; x_wconf 80' lang='grc' dir='ltr'><strong><em>πρόατος,</em></strong></span> <span class='ocrx_word' id='word_1_190' title='bbox 1139 2431 1308 2497; x_wconf 83' lang='lat' dir='ltr'><strong>unde</strong></span> <span class='ocrx_word' id='word_1_191' title='bbox 1352 2431 1498 2498; x_wconf 90' lang='lat' dir='ltr'><strong>EM.</strong></span> <span class='ocrx_word' id='word_1_192' title='bbox 1543 2430 1670 2498; x_wconf 80' lang='lat'><strong>692</strong></span> <span class='ocrx_word' id='word_1_193' title='bbox 1715 2433 2020 2502; x_wconf 83' lang='lat' dir='ltr'><strong>usitatum</strong></span> <span class='ocrx_word' id='word_1_194' title='bbox 2068 2438 2332 2521; x_wconf 80' lang='grc' dir='ltr'><em>πρῶτος</em></span> <span class='ocrx_word' id='word_1_195' title='bbox 2372 2433 2489 2519; x_wconf 74' lang='lat' dir='ltr'><strong>per</strong></span> 
     </span>
     <span class='ocr_line' id='line_1_22' title="bbox 235 2534 2486 2624; baseline -0.001 -18"><span class='ocrx_word' id='word_1_196' title='bbox 235 2539 547 2620; x_wconf 78' lang='lat' dir='ltr'><strong>ambages</strong></span> <span class='ocrx_word' id='word_1_197' title='bbox 612 2539 878 2619; x_wconf 87' lang='lat' dir='ltr'><strong>repetit,</strong></span> <span class='ocrx_word' id='word_1_198' title='bbox 946 2555 1105 2619; x_wconf 90' lang='lat' dir='ltr'><strong>quas</strong></span> <span class='ocrx_word' id='word_1_199' title='bbox 1150 2534 1576 2617; x_wconf 84' lang='lat' dir='ltr'><strong>Goettlingius</strong></span> <span class='ocrx_word' id='word_1_200' title='bbox 1643 2538 1916 2618; x_wconf 79' lang='lat' dir='ltr'><strong>explicat</strong></span> <span class='ocrx_word' id='word_1_201' title='bbox 1980 2537 2188 2621; x_wconf 88' lang='lat' dir='ltr'><strong>[Path.</strong></span> <span class='ocrx_word' id='word_1_202' title='bbox 2234 2538 2269 2602; x_wconf 94' lang='lat' dir='ltr'>I</span> <span class='ocrx_word' id='word_1_203' title='bbox 2312 2537 2486 2624; x_wconf 85' lang='grc'><strong>374].</strong></span> 
     </span>
     <span class='ocr_line' id='line_1_23' title="bbox 236 2638 2486 2726; baseline -0 -19"><span class='ocrx_word' id='word_1_204' title='bbox 236 2643 468 2723; x_wconf 87' lang='lat' dir='ltr'><strong>Aeque</strong></span> <span class='ocrx_word' id='word_1_205' title='bbox 535 2641 861 2722; x_wconf 82' lang='lat' dir='ltr'><strong>ignoratur</strong></span> <span class='ocrx_word' id='word_1_206' title='bbox 904 2638 1116 2724; x_wconf 78' lang='grc' dir='ltr'><strong><em>σκόαρ</em></strong></span> <span class='ocrx_word' id='word_1_207' title='bbox 1136 2687 1152 2714; x_wconf 90' lang='grc'><strong><em>,</em></strong></span> <span class='ocrx_word' id='word_1_208' title='bbox 1221 2639 1390 2720; x_wconf 91' lang='lat' dir='ltr'><strong>quod</strong></span> <span class='ocrx_word' id='word_1_209' title='bbox 1432 2638 1866 2705; x_wconf 86' lang='lat' dir='ltr'><strong>Mehlhornius</strong></span> <span class='ocrx_word' id='word_1_210' title='bbox 1933 2658 2193 2726; x_wconf 84' lang='lat' dir='ltr'><strong>gramm.</strong></span> <span class='ocrx_word' id='word_1_211' title='bbox 2261 2640 2316 2726; x_wconf 63' lang='lat' dir='ltr'><strong>g.</strong></span> <span class='ocrx_word' id='word_1_212' title='bbox 2364 2640 2486 2707; x_wconf 88' lang='grc'><strong>142</strong></span> 
     </span>
     <span class='ocr_line' id='line_1_24' title="bbox 234 2740 2489 2826; baseline -0.001 -15"><span class='ocrx_word' id='word_1_213' title='bbox 234 2749 383 2811; x_wconf 68' lang='lat' dir='ltr'><strong>not:</strong></span> <span class='ocrx_word' id='word_1_214' title='bbox 421 2746 460 2810; x_wconf 88' lang='lat'><strong>3</strong></span> <span class='ocrx_word' id='word_1_215' title='bbox 528 2741 957 2825; x_wconf 86' lang='lat' dir='ltr'><strong>monosyllabo</strong></span> <span class='ocrx_word' id='word_1_216' title='bbox 1026 2744 1204 2826; x_wconf 80' lang='grc' dir='ltr'><em>σκῶρ</em></span> <span class='ocrx_word' id='word_1_217' title='bbox 1264 2743 1446 2822; x_wconf 86' lang='lat' dir='ltr'><strong>quasi</strong></span> <span class='ocrx_word' id='word_1_218' title='bbox 1490 2740 1969 2808; x_wconf 87' lang='lat' dir='ltr'><strong>fundamentum</strong></span> <span class='ocrx_word' id='word_1_219' title='bbox 2015 2741 2356 2823; x_wconf 88' lang='lat' dir='ltr'><strong>substruit,</strong></span> <span class='ocrx_word' id='word_1_220' title='bbox 2423 2748 2489 2808; x_wconf 87' lang='lat' dir='ltr'><strong>et</strong></span> 
     </span>
     <span class='ocr_line' id='line_1_25' title="bbox 240 2838 2489 2933; baseline -0 -21"><span class='ocrx_word' id='word_1_221' title='bbox 240 2847 482 2913; x_wconf 88' lang='lat' dir='ltr'><strong>similia</strong></span> <span class='ocrx_word' id='word_1_222' title='bbox 526 2843 697 2933; x_wconf 82' lang='grc' dir='ltr'><strong><em>φόας</em></strong></span> <span class='ocrx_word' id='word_1_223' title='bbox 743 2850 808 2911; x_wconf 90' lang='lat' dir='ltr'><strong>et</strong></span> <span class='ocrx_word' id='word_1_224' title='bbox 853 2838 992 2922; x_wconf 77' lang='grc' dir='ltr'><em>ἷίας,</em></span> <span class='ocrx_word' id='word_1_225' title='bbox 1054 2844 1222 2909; x_wconf 93' lang='lat' dir='ltr'><strong>unde</strong></span> <span class='ocrx_word' id='word_1_226' title='bbox 1269 2842 1742 2909; x_wconf 87' lang='lat' dir='ltr'><strong>Choeroboscus</strong></span> <span class='ocrx_word' id='word_1_227' title='bbox 1789 2841 1915 2907; x_wconf 87' lang='grc'><strong>394</strong></span> <span class='ocrx_word' id='word_1_228' title='bbox 1949 2862 2051 2926; x_wconf 89' lang='lat' dir='ltr'><strong>sq.</strong></span> <span class='ocrx_word' id='word_1_229' title='bbox 2098 2847 2243 2932; x_wconf 80' lang='grc' dir='ltr'><strong>φῶς</strong></span> <span class='ocrx_word' id='word_1_230' title='bbox 2288 2850 2355 2911; x_wconf 88' lang='lat' dir='ltr'><strong>et</strong></span> <span class='ocrx_word' id='word_1_231' title='bbox 2398 2838 2489 2924; x_wconf 78' lang='grc' dir='ltr'><strong>ὦς</strong></span> 
     </span>
     <span class='ocr_line' id='line_1_26' title="bbox 234 2945 2488 3036; baseline 0 -21"><span class='ocrx_word' id='word_1_232' title='bbox 234 2948 699 3036; x_wconf 73' lang='lat' dir='ltr'><strong>transformata</strong></span> <span class='ocrx_word' id='word_1_233' title='bbox 742 2949 896 3014; x_wconf 89' lang='lat' dir='ltr'><strong>dicit</strong></span> <span class='ocrx_word' id='word_1_234' title='bbox 929 2947 1097 3013; x_wconf 87' lang='lat' dir='ltr'><strong>crasi</strong></span> <span class='ocrx_word' id='word_1_235' title='bbox 1133 2946 1482 3026; x_wconf 84' lang='lat' dir='ltr'><strong>adiungens</strong></span> <span class='ocrx_word' id='word_1_236' title='bbox 1505 2945 1904 3012; x_wconf 85' lang='lat' dir='ltr'><strong>metathesin.</strong></span> <span class='ocrx_word' id='word_1_237' title='bbox 1990 2946 2090 3013; x_wconf 89' lang='lat' dir='ltr'><strong>De</strong></span> <span class='ocrx_word' id='word_1_238' title='bbox 2110 2947 2211 3013; x_wconf 82' lang='lat' dir='ltr'><strong>his</strong></span> <span class='ocrx_word' id='word_1_239' title='bbox 2235 2949 2488 3031; x_wconf 88' lang='lat' dir='ltr'><strong>saepius</strong></span> 
     </span>
     <span class='ocr_line' id='line_1_27' title="bbox 232 3047 2492 3131; baseline -0.001 -12"><span class='ocrx_word' id='word_1_240' title='bbox 232 3053 518 3119; x_wconf 86' lang='lat' dir='ltr'><strong>disserit.</strong></span> <span class='ocrx_word' id='word_1_241' title='bbox 547 3051 952 3129; x_wconf 87' lang='lat' dir='ltr'><strong>Eustathius,</strong></span> <span class='ocrx_word' id='word_1_242' title='bbox 1023 3047 1200 3113; x_wconf 89' lang='lat' dir='ltr'><strong>ouius</strong></span> <span class='ocrx_word' id='word_1_243' title='bbox 1243 3047 1438 3113; x_wconf 81' lang='lat' dir='ltr'><strong>verba</strong></span> <span class='ocrx_word' id='word_1_244' title='bbox 1497 3050 1780 3130; x_wconf 87' lang='lat' dir='ltr'><strong>excerpsi</strong></span> <span class='ocrx_word' id='word_1_245' title='bbox 1823 3050 1890 3115; x_wconf 91' lang='lat' dir='ltr'><strong>in</strong></span> <span class='ocrx_word' id='word_1_246' title='bbox 1931 3050 2154 3117; x_wconf 88' lang='lat' dir='ltr'><strong>Rhem.</strong></span> <span class='ocrx_word' id='word_1_247' title='bbox 2199 3050 2354 3131; x_wconf 87' lang='lat'><strong>313,</strong></span> <span class='ocrx_word' id='word_1_248' title='bbox 2423 3056 2492 3117; x_wconf 90' lang='lat' dir='ltr'><strong>et</strong></span> 
     </span>
     <span class='ocr_line' id='line_1_28' title="bbox 242 3150 2491 3237; baseline 0 -17"><span class='ocrx_word' id='word_1_249' title='bbox 242 3155 420 3237; x_wconf 89' lang='lat' dir='ltr'><strong>quod</strong></span> <span class='ocrx_word' id='word_1_250' title='bbox 493 3158 848 3219; x_wconf 90' lang='lat' dir='ltr'><strong>memoratu</strong></span> <span class='ocrx_word' id='word_1_251' title='bbox 918 3150 1204 3232; x_wconf 91' lang='lat' dir='ltr'><strong>inprimis</strong></span> <span class='ocrx_word' id='word_1_252' title='bbox 1272 3152 1530 3233; x_wconf 84' lang='lat' dir='ltr'><strong>dignum</strong></span> <span class='ocrx_word' id='word_1_253' title='bbox 1543 3201 1559 3232; x_wconf 87' lang='lat'><strong>,</strong></span> <span class='ocrx_word' id='word_1_254' title='bbox 1635 3150 1982 3223; x_wconf 87' lang='lat' dir='ltr'><strong>Herodiani</strong></span> <span class='ocrx_word' id='word_1_255' title='bbox 2047 3156 2491 3221; x_wconf 87' lang='lat' dir='ltr'><strong>auctoritatem</strong></span> 
     </span>
     <span class='ocr_line' id='line_1_29' title="bbox 246 3254 2490 3339; baseline -0.001 -15"><span class='ocrx_word' id='word_1_256' title='bbox 246 3257 614 3339; x_wconf 89' lang='lat' dir='ltr'><strong>interponit.</strong></span> <span class='ocrx_word' id='word_1_257' title='bbox 704 3256 800 3320; x_wconf 90' lang='lat' dir='ltr'><strong>De</strong></span> <span class='ocrx_word' id='word_1_258' title='bbox 845 3254 964 3320; x_wconf 89' lang='lat' dir='ltr'><strong>hoc</strong></span> <span class='ocrx_word' id='word_1_259' title='bbox 1006 3259 1221 3319; x_wconf 90' lang='lat' dir='ltr'><strong>tamen</strong></span> <span class='ocrx_word' id='word_1_260' title='bbox 1263 3254 1420 3320; x_wconf 89' lang='lat' dir='ltr'><strong>nihil</strong></span> <span class='ocrx_word' id='word_1_261' title='bbox 1463 3259 1857 3335; x_wconf 87' lang='lat' dir='ltr'><strong>compertum</strong></span> <span class='ocrx_word' id='word_1_262' title='bbox 1898 3255 2205 3321; x_wconf 90' lang='lat' dir='ltr'><strong>habemus</strong></span> <span class='ocrx_word' id='word_1_263' title='bbox 2235 3259 2490 3337; x_wconf 87' lang='lat' dir='ltr'><strong>praeter</strong></span> 
     </span>
     <span class='ocr_line' id='line_1_30' title="bbox 244 3350 2487 3443; baseline -0.002 -17"><span class='ocrx_word' id='word_1_264' title='bbox 244 3353 418 3443; x_wconf 84' lang='lat' dir='ltr'><strong>quo‘d</strong></span> <span class='ocrx_word' id='word_1_265' title='bbox 461 3361 527 3425; x_wconf 92' lang='lat' dir='ltr'><strong>in</strong></span> <span class='ocrx_word' id='word_1_266' title='bbox 570 3359 738 3424; x_wconf 93' lang='lat' dir='ltr'><strong>Mon.</strong></span> <span class='ocrx_word' id='word_1_267' title='bbox 783 3377 843 3438; x_wconf 92' lang='lat' dir='ltr'><strong>p.</strong></span> <span class='ocrx_word' id='word_1_268' title='bbox 888 3355 969 3421; x_wconf 80' lang='lat'><strong>45</strong></span> <span class='ocrx_word' id='word_1_269' title='bbox 1018 3355 1148 3438; x_wconf 88' lang='grc'><strong>(14.</strong></span> <span class='ocrx_word' id='word_1_270' title='bbox 1194 3355 1305 3439; x_wconf 89' lang='grc'><strong>30)</strong></span> <span class='ocrx_word' id='word_1_271' title='bbox 1352 3361 1624 3437; x_wconf 89' lang='lat' dir='ltr'><strong>quatuor</strong></span> <span class='ocrx_word' id='word_1_272' title='bbox 1668 3355 1855 3422; x_wconf 87' lang='lat' dir='ltr'><strong>affert</strong></span> <span class='ocrx_word' id='word_1_273' title='bbox 1916 3357 2188 3422; x_wconf 86' lang='lat' dir='ltr'><strong>nominis</strong></span> <span class='ocrx_word' id='word_1_274' title='bbox 2237 3350 2353 3435; x_wconf 70' lang='grc' dir='ltr'><strong>οὖς</strong></span> <span class='ocrx_word' id='word_1_275' title='bbox 2395 3358 2487 3422; x_wconf 84' lang='lat' dir='ltr'><strong>vi-</strong></span> 
     </span>
    </p>
   </div>
   <div class='ocr_carea' id='block_1_7' title="bbox 243 3451 2588 3541">
    <p class='ocr_par' dir='ltr' id='par_1_9' title="bbox 243 3451 2588 3541">
     <span class='ocr_line' id='line_1_31' title="bbox 243 3451 2588 3541; baseline -0.001 -12"><span class='ocrx_word' id='word_1_276' title='bbox 243 3463 678 3531; x_wconf 82' lang='lat' dir='ltr'><strong>cissitudines:</strong></span> <span class='ocrx_word' id='word_1_277' title='bbox 706 3453 882 3538; x_wconf 76' lang='grc' dir='ltr'><strong><em>οἶιας,</em></strong></span> <span class='ocrx_word' id='word_1_278' title='bbox 922 3452 1064 3536; x_wconf 67' lang='grc' dir='ltr'><strong><em>ι’ίας,</em></strong></span> <span class='ocrx_word' id='word_1_279' title='bbox 1093 3451 1253 3541; x_wconf 82' lang='grc' dir='ltr'><em>ὦας,</em></span> <span class='ocrx_word' id='word_1_280' title='bbox 1298 3459 1454 3525; x_wconf 85' lang='lat' dir='ltr'><strong>nihil</strong></span> <span class='ocrx_word' id='word_1_281' title='bbox 1476 3477 1625 3525; x_wconf 80' lang='lat' dir='ltr'><strong>vero</strong></span> <span class='ocrx_word' id='word_1_282' title='bbox 1661 3459 1741 3525; x_wconf 92' lang='lat' dir='ltr'><strong>de</strong></span> <span class='ocrx_word' id='word_1_283' title='bbox 1764 3453 1885 3537; x_wconf 70' lang='grc' dir='ltr'><strong>ὅος</strong></span> <span class='ocrx_word' id='word_1_284' title='bbox 1928 3464 1996 3527; x_wconf 93' lang='lat' dir='ltr'><strong>et</strong></span> <span class='ocrx_word' id='word_1_285' title='bbox 2039 3477 2239 3541; x_wconf 89' lang='lat' dir='ltr'><strong>aeque</strong></span> <span class='ocrx_word' id='word_1_286' title='bbox 2274 3460 2488 3541; x_wconf 81' lang='lat' dir='ltr'><strong>ignoto</strong></span> <span class='ocrx_word' id='word_1_287' title='bbox 2576 3452 2588 3464; x_wconf 64' lang='lat'><em>⁶</em></span> 
     </span>
    </p>
   </div>
   <div class='ocr_carea' id='block_1_8' title="bbox 244 3553 2491 3855">
    <p class='ocr_par' dir='ltr' id='par_1_10' title="bbox 244 3553 2491 3855">
     <span class='ocr_line' id='line_1_32' title="bbox 244 3553 2490 3653; baseline -0.001 -23"><span class='ocrx_word' id='word_1_288' title='bbox 244 3563 427 3653; x_wconf 82' lang='grc' dir='ltr'><strong><em>φόας</em></strong></span> <span class='ocrx_word' id='word_1_289' title='bbox 449 3565 510 3649; x_wconf 90' lang='grc' dir='ltr'><strong>[Ι</strong></span> <span class='ocrx_word' id='word_1_290' title='bbox 531 3565 656 3632; x_wconf 84' lang='grc'><strong>227</strong></span> <span class='ocrx_word' id='word_1_291' title='bbox 681 3568 747 3629; x_wconf 91' lang='lat' dir='ltr'><strong>et</strong></span> <span class='ocrx_word' id='word_1_292' title='bbox 768 3561 942 3646; x_wconf 88' lang='grc'><strong>404].</strong></span> <span class='ocrx_word' id='word_1_293' title='bbox 971 3598 1042 3609; x_wconf 88' lang='lat'><strong>-—-</strong></span> <span class='ocrx_word' id='word_1_294' title='bbox 1073 3560 1234 3627; x_wconf 87' lang='lat' dir='ltr'><strong>Cum</strong></span> <span class='ocrx_word' id='word_1_295' title='bbox 1257 3554 1385 3647; x_wconf 67' lang='lat'><strong>300</strong></span> <span class='ocrx_word' id='word_1_296' title='bbox 1431 3566 1498 3627; x_wconf 90' lang='lat' dir='ltr'><strong>et</strong></span> <span class='ocrx_word' id='word_1_297' title='bbox 1521 3553 1612 3647; x_wconf 81' lang='grc' dir='ltr'><strong>ὦρ</strong></span> <span class='ocrx_word' id='word_1_298' title='bbox 1636 3566 1703 3627; x_wconf 93' lang='lat' dir='ltr'><strong>et</strong></span> <span class='ocrx_word' id='word_1_299' title='bbox 1723 3562 2042 3643; x_wconf 77' lang='lat' dir='ltr'><strong>derivatiS,</strong></span> <span class='ocrx_word' id='word_1_300' title='bbox 2088 3580 2250 3644; x_wconf 91' lang='lat' dir='ltr'><strong>quae</strong></span> <span class='ocrx_word' id='word_1_301' title='bbox 2295 3581 2490 3645; x_wconf 88' lang='lat' dir='ltr'><strong>supra</strong></span> 
     </span>
     <span class='ocr_line' id='line_1_33' title="bbox 249 3663 2491 3751; baseline -0.001 -17"><span class='ocrx_word' id='word_1_302' title='bbox 249 3667 619 3747; x_wconf 77' lang='lat' dir='ltr'><strong>examinavi,</strong></span> <span class='ocrx_word' id='word_1_303' title='bbox 663 3664 1041 3731; x_wconf 88' lang='lat' dir='ltr'><strong>Eustathius</strong></span> <span class='ocrx_word' id='word_1_304' title='bbox 1061 3731 1066 3737; x_wconf 75' lang='grc'>,</span> <span class='ocrx_word' id='word_1_305' title='bbox 1084 3665 1152 3730; x_wconf 89' lang='lat' dir='ltr'><strong>in</strong></span> <span class='ocrx_word' id='word_1_306' title='bbox 1192 3664 1381 3751; x_wconf 70' lang='lat' dir='ltr'><strong>longa</strong></span> <span class='ocrx_word' id='word_1_307' title='bbox 1425 3664 1828 3730; x_wconf 87' lang='lat' dir='ltr'><strong>adnotatione</strong></span> <span class='ocrx_word' id='word_1_308' title='bbox 1870 3663 2015 3731; x_wconf 88' lang='grc'><strong>932.</strong></span> <span class='ocrx_word' id='word_1_309' title='bbox 2040 3664 2124 3730; x_wconf 90' lang='grc'><strong>40</strong></span> <span class='ocrx_word' id='word_1_310' title='bbox 2169 3666 2491 3748; x_wconf 86' lang='lat' dir='ltr'><strong>coniungit</strong></span> 
     </span>
     <span class='ocr_line' id='line_1_34' title="bbox 248 3761 2488 3855; baseline -0 -19"><span class='ocrx_word' id='word_1_311' title='bbox 248 3789 477 3836; x_wconf 89' lang='lat' dir='ltr'><strong>nomen</strong></span> <span class='ocrx_word' id='word_1_312' title='bbox 520 3769 880 3852; x_wconf 89' lang='lat' dir='ltr'><strong>proprium:</strong></span> <span class='ocrx_word' id='word_1_313' title='bbox 929 3765 1040 3831; x_wconf 82' lang='grc' dir='ltr'><strong>καὶ</strong></span> <span class='ocrx_word' id='word_1_314' title='bbox 1079 3761 1115 3831; x_wconf 83' lang='grc' dir='ltr'>ὁ</span> <span class='ocrx_word' id='word_1_315' title='bbox 1145 3766 1330 3850; x_wconf 80' lang='grc' dir='ltr'><strong><em>παρὰ</em></strong></span> <span class='ocrx_word' id='word_1_316' title='bbox 1355 3763 1675 3854; x_wconf 74' lang='grc' dir='ltr'><em>Πινδάρῳ</em></span> <span class='ocrx_word' id='word_1_317' title='bbox 1692 3764 2035 3854; x_wconf 79' lang='grc' dir='ltr'><strong><em>Ὄαρίων</em></strong></span> <span class='ocrx_word' id='word_1_318' title='bbox 2062 3766 2230 3852; x_wconf 59' lang='lat' dir='ltr'><strong>noer&amp;</strong></span> <span class='ocrx_word' id='word_1_319' title='bbox 2256 3774 2488 3855; x_wconf 78' lang='grc' dir='ltr'><strong><em>κρᾶσιν</em></strong></span> 
     </span>
    </p>
   </div>
   <div class='ocr_carea' id='block_1_9' title="bbox 560 3891 767 3901">
    <p class='ocr_par' dir='ltr' id='par_1_11' title="bbox 560 3891 767 3901">
     <span class='ocr_line' id='line_1_35' title="bbox 560 3891 767 3901; baseline 0 1027"><span class='ocrx_word' id='word_1_320' title='bbox 560 3891 767 3901; x_wconf 95' lang='lat' dir='ltr'><strong> </strong></span> 
     </span>
    </p>
   </div>
   <div class='ocr_carea' id='block_1_10' title="bbox 249 3894 557 3902">
    <p class='ocr_par' dir='ltr' id='par_1_12' title="bbox 249 3894 557 3902">
     <span class='ocr_line' id='line_1_36' title="bbox 249 3894 557 3902; baseline 0 0"><span class='ocrx_word' id='word_1_321' title='bbox 249 3894 557 3902; x_wconf 95' lang='lat' dir='ltr'><strong> </strong></span> 
     </span>
    </p>
   </div>
   <div class='ocr_carea' id='block_1_11' title="bbox 252 3933 2491 4197">
    <p class='ocr_par' dir='ltr' id='par_1_13' title="bbox 252 3933 2491 4197">
     <span class='ocr_line' id='line_1_37' title="bbox 388 3933 2479 4023; baseline -0 -12"><span class='ocrx_word' id='word_1_322' title='bbox 388 3959 444 4019; x_wconf 83' lang='lat' dir='ltr'><strong>l)</strong></span> <span class='ocrx_word' id='word_1_323' title='bbox 477 3959 712 4021; x_wconf 74' lang='lat' dir='ltr'><strong>Piscium</strong></span> <span class='ocrx_word' id='word_1_324' title='bbox 745 3958 1033 4022; x_wconf 78' lang='lat' dir='ltr'><strong>vocalium,</strong></span> <span class='ocrx_word' id='word_1_325' title='bbox 1086 3962 1146 4008; x_wconf 85' lang='lat' dir='ltr'><strong>ut</strong></span> <span class='ocrx_word' id='word_1_326' title='bbox 1179 3934 1336 4008; x_wconf 73' lang='lat' dir='ltr'><strong>hodie</strong></span> <span class='ocrx_word' id='word_1_327' title='bbox 1369 3962 1662 4021; x_wconf 71' lang='lat' dir='ltr'><strong>vocantur,</strong></span> <span class='ocrx_word' id='word_1_328' title='bbox 1697 3933 1925 4023; x_wconf 47' lang='lat' dir='ltr'><strong>{norum</strong></span> <span class='ocrx_word' id='word_1_329' title='bbox 1959 3972 2124 4010; x_wconf 84' lang='lat' dir='ltr'><strong>unum</strong></span> <span class='ocrx_word' id='word_1_330' title='bbox 2161 3960 2310 4010; x_wconf 81' lang='lat' dir='ltr'><strong>novit</strong></span> <span class='ocrx_word' id='word_1_331' title='bbox 2344 3959 2479 4011; x_wconf 83' lang='lat' dir='ltr'><strong>Phe-</strong></span> 
     </span>
     <span class='ocr_line' id='line_1_38' title="bbox 252 4042 2490 4110; baseline -0 -14"><span class='ocrx_word' id='word_1_332' title='bbox 252 4061 365 4096; x_wconf 86' lang='lat' dir='ltr'><strong>recr</strong></span> <span class='ocrx_word' id='word_1_333' title='bbox 337 4050 498 4108; x_wconf 71' lang='lat' dir='ltr'><strong>rateS,</strong></span> <span class='ocrx_word' id='word_1_334' title='bbox 549 4044 784 4110; x_wconf 78' lang='lat' dir='ltr'><strong>eomplur</strong></span> <span class='ocrx_word' id='word_1_335' title='bbox 786 4060 911 4095; x_wconf 80' lang='lat' dir='ltr'><strong>esn</strong></span> <span class='ocrx_word' id='word_1_336' title='bbox 878 4045 1153 4094; x_wconf 84' lang='lat' dir='ltr'><strong>nominant</strong></span> <span class='ocrx_word' id='word_1_337' title='bbox 1186 4043 1499 4095; x_wconf 79' lang='lat' dir='ltr'><strong>Aristoteles</strong></span> <span class='ocrx_word' id='word_1_338' title='bbox 1535 4048 1588 4094; x_wconf 85' lang='lat' dir='ltr'><strong>et</strong></span> <span class='ocrx_word' id='word_1_339' title='bbox 1622 4042 1944 4106; x_wconf 81' lang='lat' dir='ltr'><strong>Athenaeus,</strong></span> <span class='ocrx_word' id='word_1_340' title='bbox 1999 4043 2132 4095; x_wconf 85' lang='lat' dir='ltr'><strong>alios</strong></span> <span class='ocrx_word' id='word_1_341' title='bbox 2186 4049 2490 4110; x_wconf 76' lang='lat' dir='ltr'><strong>agg-regant</strong></span> 
     </span>
     <span class='ocr_line' id='line_1_39' title="bbox 252 4124 2491 4197; baseline -0.002 -15"><span class='ocrx_word' id='word_1_342' title='bbox 252 4130 552 4197; x_wconf 80' lang='lat' dir='ltr'><strong>physiologi</strong></span> <span class='ocrx_word' id='word_1_343' title='bbox 602 4124 760 4182; x_wconf 68' lang='lat' dir='ltr'><strong>huius</strong></span> <span class='ocrx_word' id='word_1_344' title='bbox 807 4135 859 4183; x_wconf 82' lang='lat' dir='ltr'><strong>et</strong></span> <span class='ocrx_word' id='word_1_345' title='bbox 915 4131 1103 4196; x_wconf 81' lang='lat' dir='ltr'><strong>prioris</strong></span> <span class='ocrx_word' id='word_1_346' title='bbox 1159 4129 1352 4191; x_wconf 78' lang='lat' dir='ltr'><strong>seculi,</strong></span> <span class='ocrx_word' id='word_1_347' title='bbox 1404 4146 1456 4182; x_wconf 71' lang='grc' dir='ltr'><strong>ν.</strong></span> <span class='ocrx_word' id='word_1_348' title='bbox 1494 4130 1547 4182; x_wconf 89' lang='lat' dir='ltr'><strong>J.</strong></span> <span class='ocrx_word' id='word_1_349' title='bbox 1584 4128 1805 4180; x_wconf 82' lang='lat' dir='ltr'><strong>Mueller</strong></span> <span class='ocrx_word' id='word_1_350' title='bbox 1842 4128 2131 4193; x_wconf 80' lang='lat' dir='ltr'><strong>Commeat.</strong></span> <span class='ocrx_word' id='word_1_351' title='bbox 2215 4128 2374 4179; x_wconf 77' lang='lat' dir='ltr'><strong>Ueber</strong></span> <span class='ocrx_word' id='word_1_352' title='bbox 2407 4127 2491 4178; x_wconf 74' lang='lat' dir='ltr'><strong>dic</strong></span> 
     </span>
    </p>
   </div>
   <div class='ocr_carea' id='block_1_12' title="bbox 255 4203 2490 4371">
    <p class='ocr_par' dir='ltr' id='par_1_14' title="bbox 255 4203 2490 4371">
     <span class='ocr_line' id='line_1_40' title="bbox 256 4203 2490 4282; baseline -0.003 -13"><span class='ocrx_word' id='word_1_353' title='bbox 256 4203 451 4281; x_wconf 62' lang='lat' dir='ltr'><strong>Reduc,</strong></span> <span class='ocrx_word' id='word_1_354' title='bbox 488 4215 668 4268; x_wconf 74' lang='lat' dir='ltr'><strong>welche</strong></span> <span class='ocrx_word' id='word_1_355' title='bbox 712 4215 880 4269; x_wconf 76' lang='lat' dir='ltr'><strong>Toenc</strong></span> <span class='ocrx_word' id='word_1_356' title='bbox 934 4232 1033 4268; x_wconf 75' lang='lat' dir='ltr'><strong>von</strong></span> <span class='ocrx_word' id='word_1_357' title='bbox 1068 4214 1175 4268; x_wconf 68' lang='lat' dir='ltr'><strong>sich</strong></span> <span class='ocrx_word' id='word_1_358' title='bbox 1204 4214 1380 4282; x_wconf 70' lang='lat' dir='ltr'><strong>ychen,</strong></span> <span class='ocrx_word' id='word_1_359' title='bbox 1435 4217 1491 4266; x_wconf 90' lang='lat' dir='ltr'><strong>in</strong></span> <span class='ocrx_word' id='word_1_360' title='bbox 1524 4212 1715 4266; x_wconf 74' lang='lat' dir='ltr'><strong>Archiv</strong></span> <span class='ocrx_word' id='word_1_361' title='bbox 1765 4215 1887 4278; x_wconf 73' lang='lat' dir='ltr'><strong>fuer</strong></span> <span class='ocrx_word' id='word_1_362' title='bbox 1920 4213 2079 4267; x_wconf 70' lang='lat' dir='ltr'><strong>Anat.</strong></span> <span class='ocrx_word' id='word_1_363' title='bbox 2115 4212 2227 4264; x_wconf 77' lang='lat' dir='ltr'><strong>und</strong></span> <span class='ocrx_word' id='word_1_364' title='bbox 2263 4210 2490 4279; x_wconf 71' lang='lat' dir='ltr'><strong>Phyoioz.</strong></span> 
     </span>
     <span class='ocr_line' id='line_1_41' title="bbox 255 4297 853 4371; baseline 0 -18"><span class='ocrx_word' id='word_1_365' title='bbox 255 4300 436 4371; x_wconf 60' lang='lat' dir='ltr'><strong>Jahn-9.</strong></span> <span class='ocrx_word' id='word_1_366' title='bbox 473 4300 610 4355; x_wconf 84' lang='grc'><strong>1857</strong></span> <span class='ocrx_word' id='word_1_367' title='bbox 636 4318 696 4368; x_wconf 75' lang='lat' dir='ltr'><strong>p</strong></span> <span class='ocrx_word' id='word_1_368' title='bbox 732 4297 853 4354; x_wconf 78' lang='lat'><strong>249.</strong></span> 
     </span>
    </p>
   </div>
   <div class='ocr_carea' id='block_1_13' title="bbox 2595 4174 2639 4197">
    <p class='ocr_par' dir='ltr' id='par_1_15' title="bbox 2595 4174 2639 4197">
     <span class='ocr_line' id='line_1_42' title="bbox 2595 4174 2639 4197; baseline 0 -2"><span class='ocrx_word' id='word_1_369' title='bbox 2595 4174 2639 4197; x_wconf 57' lang='lat' dir='ltr'>d</span> 
     </span>
    </p>
   </div>
  </div>
 </body>
</html>
