2946 4928
405 328 411 336 ’
459 347 540 414 10
1226 347 1783 416 mssmrrATIo
1847 348 1956 415 vr

450 510 671 591 venal„
719 510 1069 577 Phocaicae
1093 512 1272 579 ovid.
1318 514 1704 596 verbumque
1754 510 2158 599 ἀναρχαΐσας
2201 512 2453 579 Anthol.
2486 513 2616 580 VII
2632 512 2696 579 6.

454 612 821 695 Synaeresis
864 616 1108 681 nullum
1148 615 1374 683 horum
1418 618 1700 699 attingit,
1747 617 1863 682 sed
1903 617 2185 683 nonnulli
2227 616 2350 682 huc
2393 625 2698 684 revocant

450 735 677 782 nomen
719 720 1218 801 patronymicum
1263 740 1302 785 a
1343 721 1596 802 proprio
1642 718 1971 806 Πείραιος
2013 721 2116 786 via
2159 720 2402 785 directa
2445 720 2692 786 deriva-

450 824 617 901 tum,
689 821 767 885 de
832 840 954 903 quo
1022 822 1420 888 Herodianus
1488 824 1571 888 ad
1614 825 1685 891 ΙΙ.
1731 824 1822 889 IV
1866 822 1993 889 228
2056 821 2172 912 τὴν
2238 818 2507 889 εὐθεῖαν
2569 827 2693 891 τοῦ

451 922 828 1011 Πειραΐδαο
887 924 955 990 ἐν
1001 916 1323 1012 ’τέσσαρσι
1380 927 1745 1008 συλλαβαῖς
1799 926 2212 1015 προφέρεται
2258 926 2697 1010 (Aristarchus

448 1027 549 1092 vel
594 1028 756 1092 alius
811 1027 980 1111 quis)
1044 1027 1153 1093 καὶ
1222 1023 1285 1093 οἳ
1352 1020 1578 1111 ἄλλοι,
1657 1029 2033 1119 Τυραννίων
2099 1032 2175 1098 δὲ
2237 1028 2697 1117 τρισυλλάβως

451 1129 679 1214 λέγων,
727 1124 820 1207 ὥς
864 1126 969 1196 ὅτι
1005 1124 1198 1197 οὐδὲν
1219 1132 1719 1216 πατρωνυμικὸν
1765 1128 1957 1221 παροῖ
1986 1136 2077 1218 τῷ
2112 1137 2353 1222 ποιητῇ
2378 1133 2520 1214 ,ἔχει
2554 1133 2693 1221 πρὸ

448 1234 676 1311 τέλους
722 1231 1195 1315 διεσταλμένον
1238 1232 1314 1298 τὸ
1365 1230 1611 1330 ’ἶῆἆπὸ
1658 1232 1882 1319 ἑτέρου
1921 1232 2298 1322 φωνήεντος
2341 1223 2485 1303 οἷον
2507 1239 2693 1303 Παν-

449 1332 717 1422 θοίὸης,
757 1332 1170 1423 Βοηθοίόης,
1219 1335 1590 1424 Πηλείδης·
1640 1333 1811 1425 ὑπὲρ
1858 1338 1932 1406 δὲ
1976 1342 2095 1406 τοῦ
2140 1336 2696 1433 τετρασυλλάβως

450 1433 920 1523 ἀναγινώσκειν
965 1436 1199 1520 ἔχομεν
1243 1437 1451 1505 ἐκεῖνο
1496 1441 1739 1525 λέγειν,
1812 1435 1903 1520 ὥς
1959 1438 2060 1506 ὅτι
2120 1441 2373 1521 ἐντελές
2426 1442 2568 1510 ἐστι
2615 1443 2693 1510 τὸ

448 1541 617 1606 κατὰ
665 1537 961 1608 διάλυσιν
1017 1543 1134 1605 τοῦ
1174 1544 1226 1622 Z
1269 1540 1378 1606 καὶ
1425 1537 1532 1607 ὅτι
1579 1537 1697 1607 οὐκ
1744 1532 1975 1627 ἔχομεν
2013 1543 2279 1611 τοιοῦτό
2327 1571 2390 1611 τι
2416 1570 2704 1633 πατρω-·

450 1639 752 1726 νομικόν,
819 1635 857 1709 ὃ
919 1641 1084 1708 κατὰ
1144 1639 1479 1734 σύλληψιν
1533 1639 1855 1733 ἐξηνέχθη
1902 1648 2021 1713 τοῦ
2053 1650 2121 1717 ἶ
2167 1648 2280 1714 καὶ
2321 1650 2436 1715 τοῦ
2466 1650 2520 1719 ἰ’
2555 1648 2693 1736 πρὸ

448 1748 697 1826 τέλους.
791 1744 1158 1827 Synaeresis
1214 1748 1647 1814 testimonium
1699 1748 1941 1831 profert
1993 1749 2136 1829 EM.
2184 1749 2326 1815 797.
2377 1751 2457 1816 10
2520 1756 2690 1817 Φοι-

444 1853 649 1939 βᾷδαι
701 1846 836 1932 ε’ἇει
882 1848 956 1913 τὸ
993 1851 1043 1928 ἶ,
1092 1843 1229 1914 ἀπὸ
1290 1849 1413 1933 γὰρ
1458 1854 1577 1916 τοῦ
1629 1848 1998 1932 Φοιβαΐδαι
2043 1849 2205 1932 ἔστί,
2273 1872 2396 1935 quo
2439 1854 2695 1919 nomine

446 1954 763 2019 Phoebaei
805 1951 1133 2017 cuiusdam
1175 1953 1414 2033 posteri
1448 1951 1797 2035 significari
1839 1956 2149 2021 videntur.
2251 1957 2309 2020 A
2358 1955 2696 2038 Φοίβοιος

445 2058 656 2139 igitur,
703 2057 758 2121 si
799 2073 935 2122 rem
979 2056 1062 2121 ad
1105 2054 1414 2121 calculum
1442 2074 1757 2138 vocamus
1804 2060 2006 2140 primo
2039 2058 2241 2140 gradu
2271 2058 2694 2141 proficiscitur

454 2155 859 2245 Φοιβαιίδης
931 2163 1006 2223 ut
1077 2177 1117 2224 a
1181 2155 1468 2237 Δίκαιος
1540 2161 1864 2241 proprium
1930 2159 2292 2249 Δικαιίδης
2359 2163 2425 2227 in
2490 2162 2692 2229 Inscr.

450 2283 491 2327 v
515 2261 693 2328 ‚Ross
727 2283 848 2325 υοιι
871 2260 994 2335 den
1015 2261 1252 2326 Demea
1274 2262 1341 2324 in
1366 2260 1580 2324 Attica
1614 2261 1691 2327 N.
1724 2261 1860 2329 160.
1886 2262 2288 2345 Corp.1nscr.
2312 2264 2344 2328 I
2381 2263 2563 2332 1340.
2588 2264 2694 2345 42,

449 2366 674 2431 dehinc
739 2364 1066 2431 subtracta
1130 2364 1499 2447 diphthongi
1562 2366 1771 2431 vocali
1833 2366 2228 2432 subiunctiva
2310 2366 2695 2456 Φοιβαΐδης

447 2473 521 2533 ut
565 2464 950 2556 Πειραΐδης.
984 2507 1053 2517 -
1083 2468 1179 2535 De
1225 2470 1627 2535 deminutivis
1669 2468 2064 2535 idem*240.1
2128 2466 2269 2538 ἀπὸ
2314 2475 2436 2537 τοῦ
2482 2467 2693 2558 κεφά-

450 2573 638 2636 λαιον
703 2571 1064 2658 παραγωγὴ
1133 2570 1380 2657 γίνεται
1448 2567 1889 2659 κεφαλάὁιον,
1957 2567 2278 2659 σπήλαιον
2322 2570 2693 2661 σπηλάὸιον

367 2717 383 2734 .
444 2673 645 2760 χωρὶς
688 2677 807 2741 τοῦ
837 2677 892 2743 ἶ·
939 2671 1152 2754 οὕτως
1196 2669 1325 2742 οὖν’
1356 2675 1464 2740 καὶ
1510 2678 1707 2762 γραῖα
1752 2671 2050 2761 γράδιον·
2095 2671 2235 2741 ἀλλ’
2285 2675 2436 2743 ἐπεὶ
2480 2671 2519 2761 ἦ
2555 2701 2691 2742 πα·

447 2773 725 2863 ράδοσις
769 2775 900 2860 ἔχει
958 2779 1034 2843 τὸ
1073 2783 1126 2859 Τ,
1170 2773 1463 2860 εἴπωμεν
1520 2774 1684 2843 αὐτὸ
1742 2776 1858 2844 σὺν
1912 2780 2003 2863 τῷ
2040 2773 2558 2866 Τγράφεσθαι,
2627 2783 2695 2844 et

447 2882 537 2946 sic
579 2882 948 2962 plerumque
994 2881 1291 2947 scribitur
1335 2901 1477 2948 cum
1520 2880 1679 2961 iota,
1727 2876 1991 2948 ἐλάδιον
2031 2900 2182 2946 vero
2228 2882 2363 2946 sine
2408 2900 2483 2967 eo
2498 2881 2580 2964 *),
2629 2888 2694 2947 et

442 2981 706 3047 verbum
727 3000 975 3064 quoque
994 2980 1302 3066 ματάζω.
1339 3003 1455 3066 pro
1488 3003 1611 3065 quo
1635 2984 2038 3050 Hermannus
2081 2985 2147 3049 in
2169 2982 2395 3049 Aesch.
2422 2983 2537 3066 Ag.
2564 2983 2684 3050 961
2755 3063 2766 3082 χ
2873 3019 2874 3032 1

443 3080 715 3173 μαιᾴζω
773 3086 1025 3167 scripsit
1090 3107 1168 3149 ex
1219 3087 1778 3173 qrammaticorum
1823 3098 2182 3171 praccepta
2271 3086 2438 3151 Huic
2486 3087 2690 3152 simile

447 3182 788 3277 ὡρᾴζομαι
836 3188 1192 3255 Meinekius
1259 3190 1342 3255 ad
1400 3188 1570 3255 Com.
1626 3188 1730 3254 Fr.
1775 3189 1912 3255 Vol.
1956 3189 2024 3253 II
2066 3187 2191 3253 557
2249 3187 2546 3270 Eupolidi
2623 3194 2689 3254 et

444 3291 853 3373 Aristophani
916 3294 1102 3358 metri
1168 3293 1373 3375 gratia
1446 3310 1563 3372 pro
1609 3284 1980 3378 ὡραΐζομαι
2047 3290 2403 3370 substituit,
2491 3292 2681 3374 idque

340 3393 349 3400 “
444 3395 681 3461 rectius
725 3413 914 3478 quam
958 3395 1388 3463 Blomfieldius
1433 3395 1516 3460 ad
1548 3394 1774 3461 Aesch.
1818 3394 1993 3458 Pers.
2029 3391 2156 3459 476
2187 3412 2248 3475 p.
2269 3390 2353 3458 44
2398 3395 2492 3459 ed.
2515 3395 2684 3476 Lips.

447 3494 840 3584 ὦραίζομαι,
887 3518 1034 3565 nam
1075 3501 1143 3564 in
1184 3519 1415 3580 magna
1458 3499 1639 3580 copia
1683 3497 1981 3562 similium
2002 3494 2338 3560 verborum
2378 3494 2679 3583 ληναΐζω,

447 3598 805 3683 συρμαΐζω
833 3606 950 3678 etc.
1017 3600 1442 3683 diphthongus
1495 3605 1563 3669 ἆῖ
1609 3605 1758 3666 ante
1808 3599 2314 3664 terminationem
2368 3618 2687 3682 nunquam

446 3704 843 3785 conspicitur.
877 3741 948 3751 --
979 3703 1156 3769 Idem
1178 3705 1350 3770 valet
1371 3704 1450 3769 de
1473 3701 1801 3774 adjectivis
1843 3702 1910 3767 in
1953 3704 2057 3780 32‘0}
2098 3703 2432 3784 paragogis
2459 3704 2530 3785 ⁷),
2577 3701 2686 3768 sed

585 3981 639 4041 7)
674 3982 816 4033 Hinc
857 3983 1018 4049 longe
1066 3983 1261 4034 distant
1299 3995 1609 4047 aparagoga
1654 3980 1964 4042 Μίθαικος,
2024 3972 2334 4043 Φάλαικος,
2390 3975 2682 4040 Πάτᾶικος,

447 4069 512 4120 do
550 4084 651 4135 quo
689 4070 863 4120 erravi
895 4071 949 4119 in
967 4069 1129 4122 Proll.
1148 4067 1251 4122 325
1287 4066 1540 4119 mendosa
1576 4066 1836 4131 scriptura
1872 4064 2124 4132 deceptus
2157 4069 2217 4116 ut
2242 4064 2531 4116 Bredovius
2562 4078 2682 4130 quo-

447 4171 551 4221 que
585 4155 726 4207 Dial.
762 4155 889 4206 Her.
928 4151 1045 4209 179.
1485 4198 1492 4202 .
1583 4215 1615 4238 ὀ

585 4256 644 4322 *)
706 4255 765 4309 V.
810 4257 959 4326 infra
1005 4273 1117 4325 cap.
1165 4256 1244 4309 II
1277 4258 1324 4321 §-
1365 4256 1422 4323 1,
1476 4256 1573 4308 vol.
1612 4255 1655 4306 Ι
1691 4271 1750 4322 p.
1785 4249 1893 4308 280
1943 4261 1992 4306 ct
2035 4249 2162 4315 ⁴63,
2219 4252 2422 4320 Phryn.
2457 4251 2526 4308 39
2567 4268 2687 4319 sqq„

465 4343 670 4395 Parall.
705 4340 826 4397 229.
960 4333 969 4348 ‘
