2946 4928
327 281 336 290 ’
421 305 550 374 242
859 313 862 316 ·
969 357 979 367 .
1174 303 1750 391 mssERrA‘rio
1812 303 1958 378 vn.

419 469 662 552 recepit
706 468 934 536 Suid‘as
979 467 1071 537 Δι’
1114 464 1491 548 ἐπέκτασις·
1545 468 1659 536 sed
1681 472 2047 560 separatum
2065 484 2193 534 non
2214 464 2420 547 magis
2442 481 2666 546 cognoa

421 574 627 640 vimus
673 574 863 656 quam
909 572 990 642 δέ
1000 623 1020 654 ,
1086 574 1256 642 unde
1297 573 1470 640 haud
1515 569 1703 637 dubie
1747 585 2120 640 conversum
2174 573 2276 639 est
2336 567 2536 650 epsilo
2602 566 2679 648 inf

417 675 550 741 iota
594 674 1160 742 demonstrativum
1202 680 1463 742 mutato.
1551 674 1728 740 Haec
1770 693 1952 739 nemo
1998 674 2120 739 erit
2174 673 2286 755 qui
2352 689 2429 737 ex
2472 669 2666 735 inusi-

417 778 569 844 tatis
638 773 712 844 ὁΐ
774 776 887 844 τοΐ
944 782 1097 843 nata
1163 791 1318 842 esse
1371 779 1572 856 dieat3
1643 795 1849 857 neque
1893 775 2149 858 probari
2190 773 2441 857 potest‚'
2501 771 2670 855 quod

420 879 679 962 quidam
746 881 1138 963 grammatici
1204 885 1488 960 sumunt,
1567 876 1839 947 τουτὸδί
1916 888 2005 944 ex‘
2068 876 2304 945 τουτοΐ
2361 877 2667 953 extitisse,

416 983 733 1066 mendosis
787 984 880 1049 illi
925 983 1227 1065 exemplis
1275 967 1481 1062 ductii
1563 1002 1712 1047 nam
1775 1001 1890 1064 pro
1953 987 2223 1064 utroque
2290 982 2357 1046 in
2420 980 2667 1045 Aristo-

415 1072 663 1166 phanis
719 1086 874 1151 locis
960 1104 1164 1167 nuper
1238 1086 1520 1151 cod-icum
1605 1084 1984 1150 auctoritate
2063 1083 2476 1150 substitutum
2568 1087 2670 1148 est

420 1184 690 1271 τουτογί
728 1189 871 1254 Pac.
919 1187 1062 1269 330,
1108 1188 1253 1270 Lys.
1302 1184 1446 1266 604,
1492 1185 1653 1268 qu.
1700 1185 1853 1265 721,
1902 1185 2150 1251 Thesm.
2192 1185 2351 1268 880,
2406 1191 2668 1277 excepto

417 1308 541 1356 uno
585 1291 751 1357 Plut.
798 1289 923 1357 227
970 1290 1239 1358 τουτοδὶ
1281 1287 1355 1355 τὸ
1404 1287 1716 1377 κρεάδιον
1743 1326 1814 1335 -
1855 1284 2280 1373 εἰσενεγκάτω
2327 1314 2449 1371 τις,
2497 1288 2666 1370 quod

420 1412 545 1459 non
588 1399 663 1460 ut
705 1394 831 1475 illa,
879 1396 994 1461 sed
1035 1413 1153 1476 pro
1197 1392 1500 1461 τουτὶδέ
1540 1392 1818 1473 positum
1863 1396 1978 1458 est.
2011 1428 2082 1437 —
2112 1391 2379 1473 Tropen‚
2426 1393 2667 1478 de'qua

415 1496 620 1577 Epim.
665 1497 705 1562 1.
737 1516 787 1563 c.
809 1498 1108 1580 loquitur,
1154 1495 1527 1563 confirmant
1548 1494 1863 1574 adverbia,
1909 1512 2072 1576 quae
2094 1493 2471 1559 Eustathius
2494 1492 2596 1559 45.
2622 1494 2667 1558 8

417 1617 561 1665 cum
592 1594 705 1666 ὁδί
734 1600 993 1681 confert,
1040 1597 1261 1666 νυνδί
1305 1604 1372 1664 et
1418 1595 1737 1664 ἐνθαδί.
1790 1595 1958 1662 Illud
1980 1596 2447 1679 criticiinqu.
2478 1594 2664 1676 1357,

416 1701 757 1783 Antiphan.
802 1702 1014 1785 Frgm.
1055 1721 1117 1785 p.
1155 1699 1278 1766 104
1304 1720 1376 1771 v.
1430 1698 1507 1765 16
1551 1704 1901 1780 posuerunt
1941 1718 2056 1781 pro
2100 1703 2213 1766 νῦν
2257 1701 2350 1775 δέ,
2399 1704 2511 1766 νῦν
2558 1695 2659 1784 δή.

168 1865 176 1877 .
213 1875 216 1883 .
306 1803 314 1808 “
415 1803 573 1886 νυνί,
622 1806 1008 1871 correctione
1052 1803 1222 1869 facili
1264 1802 1379 1868 sed
1423 1802 1644 1882 dubia3
1688 1802 1755 1866 in
1799 1801 1980 1866 libris
2023 1820 2227 1884 neque
2269 1802 2394 1869 hoc
2429 1803 2662 1885 legitur

412 1925 617 1989 neque
643 1907 873 1983 νῦνδε,’
898 1906 1066 1972 unde
1089 1904 1465 1970 Eustathius
1510 1903 1668 1969 illud
1710 1904 1962 1984 repetit,
2009 1906 2123 1971 sed
2155 1906 2408 1987 saepius
2437 1904 2663 1971 localia

420 1988 665 2076 ἐῖθάδε
712 2006 955 2077 ἐνθαδί
965 2058 981 2088 ,
1039 2007 1310 2076 ἐνθένδε
1356 2003 1643 2096 egomt,
1677 2011 1682 2016 '
1712 2006 2161 2090 paululumque
2208 2007 2512 2073 dissimile
2558 2007 2660 2074 ἔν-

414 2117 638 2198 ταῢθα
684 2110 980 2179 ἕνταυθί.
1067 2110 1446 2176 Metathesis
1491 2113 1734 2189 autem,
1801 2128 1929 2191 qua.
1998 2109 2267 2177 τουτοδί
2332 2129 2408 2175 ex
2474 2110 2661 2178 τουτὶ

412 2213 485 2279 δέ
545 2218 766 2279 natum
832 2233 974 2280 esse
1042 2214 1199 2294 dixi,
1272 2218 1518 2279 certum
1574 2211 1929 2293 exemplum
1992 2214 2303 2295 praebent
2367 2212 2657 2299 τουτογί,

409 2314 689 2400 ταυταγί
732 2323 799 2383 et
844 2318 1090 2398 similia,
1134 2337 1191 2382 v.
1238 2316 1445 2383 Klotz.
1493 2314 1575 2380 ad
1618 2314 1848 2388 Devar.
1894 2315 1961 2379 II
2003 2315 2158 2398 302,
2216 2315 2444 2399 quibus
2469 2315 2660 2382 Butt-

408 2437 677 2485 mannus
753 2426 820 2486 et
884 2419 1175 2486 Handius
1242 2418 1324 2484 ad
1371 2416 1638 2483 Tursell.
1670 2416 1735 2483 II
1779 2415 1821 2482 8
1886 2437 2135 2501 gamma
2199 2419 2662 2511 pleonasticum
2728 2494 2737 2498 -

406 2523 808 2589 interiectum
852 2542 993 2590 esse
1038 2523 1451 2601 contendunt,
1492 2552 1493 2555 ¹
1529 2522 1642 2588 sed
1685 2540 1763 2587 ea
1805 2524 2017 2603 potius
2060 2523 2249 2589 metri
2293 2541 2487 2588 causa
2541 2540 2661 2604 pro

406 2622 593 2691 τουτί
614 2651 707 2711 γε,
753 2625 945 2693 ταυτί
987 2651 1058 2710 γε
1092 2625 1439 2690 substituta
1476 2629 1640 2704 sunt,
1687 2630 1760 2688 ut
1783 2625 2045 2711 τηνδεδί
2076 2625 2269 2690 Arist.
2292 2624 2661 2692 Ech1024

407 2725 591 2811 (989)
637 2728 739 2794 all.
808 2731 892 2815 (v.
937 2729 1124 2794 Dind.
1170 2729 1268 2794 ad.
1314 2728 1467 2794 AvV.
1523 2727 1628 2811 18)
1696 2730 2048 2792 assumtum
2114 2730 2214 2791 est
2277 2746 2394 2809 pro
2462 2724 2659 2815 τήνδε

407 2826 486 2915 δή
533 2834 872 2898 contractis
927 2832 1184 2915 syllabis
1197 2882 1212 2912 ,
1280 2849 1436 2913 quas
1494 2831 1627 2897 cod.
1672 2831 1912 2896 Monac.
1983 2829 2328 2911 disjunctas
2396 2830 2658 2896 exhibet

406 2934 540 3016 τὴν
569 2933 642 2998 δὲ
689 2930 775 2999 δι’.
869 2933 1078 3014 Atque
1103 2934 1221 2998 hoc
1264 2951 1561 3000 successu
1596 2935 1897 2999 invitatus
1921 2930 2284 2999 Dindorfius
2306 2932 2451 3016 LyS.
2485 2930 2655 2998 1274

405 3031 680 3099 τοισδεδὶ
731 3034 973 3109 intulit,
1043 3036 1355 3117 Bergkius
1400 3035 1555 3101 Avv.
1601 3035 1729 3101 644
1775 3035 2030 3123 τῳδεδί.
2122 3034 2302 3113 Quod
2366 3054 2518 3101 vero
2581 3036 2652 3100 in
2697 3063 2701 3065 -
2768 3043 2785 3055 ·

404 3135 654 3218 aliquot·
690 3138 865 3203 codd.
910 3157 1025 3221 pro
1068 3138 1176 3203 illo
1222 3138 1528 3220 scriptum
1573 3142 1674 3202 est
1719 3136 1970 3218 τασδεΐ,
2014 3157 2140 3204 non
2184 3143 2435 3203 tantum
2463 3138 2656 3219 valet,

400 3244 475 3304 ut
519 3240 694 3305 delta
739 3241 1069 3323 euphonici
1113 3259 1299 3306 usum
1345 3239 1686 3321 approbet;
1733 3241 1847 3306 sed
1889 3242 2101 3323 potius
2147 3242 2237 3306 sic
2281 3240 2462 3310 nobis
2507 3260 2660 3324 per-

402 3342 772 3423 suademm,
840 3349 1066 3426 tropen
1120 3342 1305 3424 epsili
1372 3342 1437 3406 in
1493 3342 1625 3406 iota
1682 3345 1986 3410 sermonis
2031 3344 2249 3410 comici
2290 3343 2548 3410 licentia
2617 3364 2658 3410 a

399 3445 711 3525 particula
754 3446 1162 3536 inseparabili
1176 3495 1191 3526 ‚
1254 3464 1380 3528 qua
1425 3441 1540 3514 ὁδί
1581 3443 1827 3529 finitur,
1893 3447 2223 3511 transiisse
2267 3446 2351 3511 ad
2395 3447 2656 3513 coniun-

400 3546 671 3612 ctionem
715 3547 1181 3614 adversativam
1237 3565 1380 3613 cum
1422 3549 1791 3630 pronomine
1835 3549 1912 3613 vin
1954 3568 2149 3615 unum
2194 3548 2380 3630 quasi
2424 3567 2659 3632 corpus

400 3647 887 3716 coalescentem:
933 3645 1126 3738 ἧδεδί
1167 3668 1284 3732 pro
1328 3644 1441 3738 ἡδὶ
1489 3650 1565 3717 δέ
1599 3651 1961 3734 pariterque
2004 3670 2120 3734 pro
2156 3648 2339 3718 τουτί
2382 3676 2456 3738 γε
2500 3652 2655 3718 sub-

399 3751 694 3817 stitutum
764 3771 905 3819 esse
973 3753 1260 3838 τουτογί.
1314 3790 1390 3801 —-
1457 3753 1597 3818 Hoc
1660 3754 1996 3835 impetrato
2069 3754 2364 3842 cogitatio
2430 3755 2658 3823 incidit

395 3842 806 3920 Homericum
846 3858 1138 3923 τοῖσδεσι
1182 3875 1261 3921 ex
1305 3881 1389 3922 το
1410 3854 1623 3921 ισίδε
1668 3862 2042 3922 conversum
2081 3875 2253 3938 esse,
2304 3875 2447 3939 ”quo
2492 3859 2653 3924 scri-

393 3960 609 4036 ptores
648 3957 689 4022 J
692 3958 853 4022 onici
896 3977 1012 4039 pro
1057 3962 1279 4026 τοῒσδε
1322 3958 1493 4022 hisce
1536 3964 1803 4024 utuntur
1847 3963 2108 4025 accentu
2151 3957 2348 4027 fluxo:
2395 3959 2652 4029 τοιοίδε

379 4055 588 4138 κλύζε·
630 4059 929 4142 Hippocr.
977 4062 1068 4128 'de
1108 4061 1343 4127 Intern.
1390 4059 1614 4129 Affect.
1673 4080 1734 4142 p.
1780 4059 1907 4126 504
1953 4060 2019 4127 Τ.
2065 4060 2132 4126 11
2171 4061 2350 4144 Lips.
2385 4064 2482 4147 (11
2517 4065 2652 4132 252

392 4160 621 4245 Lind.),
669 4161 922 4229 τοιοίδε
968 4163 1140 4230 τοισὶ
1188 4162 1528 4252 σημείοισι
1573 4163 1902 4244 Prognost.
1948 4182 1998 4228 c.
2030 4163 2147 4228 LX
2190 4183 2251 4245 p.
2282 4164 2429 4247 461,
2476 4169 2653 4249 quod

394 4262 483 4328 sic
528 4265 831 4346 scriptum
873 4266 1067 4331 iterat
1111 4264 1390 4332 Galenus
1433 4264 1768 4331 inComm.
1813 4266 1897 4331 ad
1919 4265 1979 4330 h.
2007 4266 2046 4330 l.
2071 4265 2290 4331 XVIII
2310 4267 2380 4353 P.
2405 4267 2472 4332 ΙΙ
2498 4269 2649 4336 201.
