2946 4928
401 314 518 381 DE
564 313 1051 398 SYNAERESL
1096 312 1500 381 DIAERESI
1542 317 1657 380 etc.
1723 313 1792 381 P.
1814 313 1897 381 Π.
1944 312 2011 380 O.
2032 314 2148 380 111.
2195 315 2249 400 ἓ.
2273 316 2332 380 2.
2385 313 2505 380 129

270 497 598 545 novamus,
687 478 892 571 Huius
936 478 1395 545 inconstantiae
1441 495 1695 544 consors
1740 485 1838 545 est
1880 479 2144 545 verbum
2163 478 2510 567 μέμνησαι,

208 608 217 614 ·
270 602 397 666 quo
463 582 781 648 Homerus
847 583 1045 648 semel
1108 583 1311 648 utitur
1352 583 1626 664 integro:
1686 577 1773 660 ὥς
1816 607 1941 666 μευ
2010 577 2114 650 ἀεὶ
2176 582 2515 677 μέμνησαι

272 684 500 774 ἐνηέος
542 686 616 751 Il.
661 685 882 751 XXIII
910 683 1070 771 4348,
1140 685 1336 752 Semel
1380 685 1737 751 imminuto:
1793 685 2081 773 μέμνηαι
2128 684 2253 752 ὅσα
2302 687 2381 770 δὴ
2430 722 2515 732 --

271 789 431 866 XXI
473 786 620 870 442,
688 792 864 855 cuius
923 789 1411 871 discrepantiam
1464 789 1911 854 animadvertit
1952 790 2148 869 schol.
2186 788 2260 854 A.
2309 784 2519 866 οὕτως

277 889 571 959 ἐνταῦθα
617 893 984 982 μέμνηαι·
1032 893 1239 977 διπλῆ
1287 891 1408 978 γὰρ
1453 889 1773 980 ἧχρῆσις,
1820 892 2177 975 significans
2221 888 2335 956 aut
2360 891 2517 955 illud

280 995 630 1082 μέμνησαι,
679 999 790 1059 aut
855 1000 1082 1076 quater
1144 996 1485 1076 repetitum
1552 988 1591 1079 ἦ
1662 989 1742 1061 οὗ
1794 995 2010 1085 μέμνῃ
2057 993 2201 1076 ὅτε,
2269 995 2348 1059 de
2394 1013 2516 1075 quo

276 1116 499 1163 rursus
543 1097 852 1164 schol.·A.
902 1099 984 1164 ad
1027 1099 1146 1164 XV
1194 1098 1273 1163 18
1341 1097 1453 1165 διὰ
1515 1099 1627 1163 τοῦ
1665 1098 1711 1182 ἦ
1765 1099 2016 1188 μέμνῃ
2060 1091 2230 1182 εἶχον
2276 1101 2511 1171 πᾶσαι,

274 1205 342 1266 et
384 1200 546 1266 Vict.
594 1197 881 1283 ἀλλαχοῦ
925 1201 1000 1266 τὸ
1048 1199 1305 1279 ἐντελὲς
1343 1201 1737 1290 ,,μέμνηαι
1785 1200 1930 1270 ὅσα
1976 1202 2130 1290 ὂὴ“.
2240 1201 2516 1267 Uberius

269 1324 423 1369 vero
485 1303 955 1371 Choeroboscus
997 1303 1126 1376 ,673
1195 1303 1264 1371 ἐκ
1332 1309 1450 1370 τοῦ
1517 1305 1918 1394 μέμνησαι
1986 1299 2123 1371 κατ’
2177 1300 2517 1391 ἀποβολὴν

272 1413 391 1475 ‘coi
454 1411 495 1479 ’ἆ
553 1405 824 1487 ἶωνικῶς
870 1405 1155 1494 γίγνεται
1198 1407 1557 1495 μέμνηαι
1603 1407 1708 1474 καὶ
1754 1409 1922 1474 κατὰ
1969 1408 2289 1497 συστολὴν
2314 1404 2515 1474 πάλιν

272 1507 558 1590 ἷωνικιῦς
620 1511 954 1594 μέμνεαι
1021 1509 1364 1577 καὶκατὰ
1433 1514 1665 1599 κρᾶσιν
1736 1509 2001 1597 ἆττικὴν
2062 1512 2347 1600 μέμνῃ,
2418 1512 2518 1577 cui

275 1614 457 1679 addit
501 1611 865 1702 κάθησαι
913 1609 1226 1700 κάθηαι
1294 1613 1404 1680 καὶ
1470 1612 1641 1679 κατὰ
1696 1615 2017 1701 συστολὴν
2062 1612 2361 1680 κάθεαι
2406 1613 2517 1678 καὶ

276 1719 443 1782 κατὰ
490 1719 722 1803 κρᾶσιν
767 1714 858 1782 κά
879 1723 924 1782 θ
935 1742 980 1805 ῃ
1039 1717 1167 1782 καὶ
1214 1706 1390 1799 μένει
1443 1716 1519 1783 τὸ
1560 1718 1607 1786 ἶ
1644 1718 2257 1806 προσγεγραμμένον
2303 1710 2517 1800 (dven-

277 1816 573 1909 φώνητον
619 1820 768 1884 dicit
787 1819 931 1884 EM.
957 1819 1100 1885 484.
1126 1820 1256 1904 32).
1344 1821 1482 1885 Hoc
1518 1817 1709 1909 ’κάθῃ
1755 1826 2144 1905 usurparunt
2178 1821 2516 1901 scriptores

276 1942 402 1987 non
444 1922 889 2003 probatissimi,
934 1943 990 1988 v.
1036 1923 1120 1988 ad
1140 1924 1370 2006 Phryn.
1417 1924 1542 1989 359
1589 1943 1698 2006 sq„
1745 1923 2018 1989 Meinek.
2068 1923 2239 1989 Com.
2264 1923 2515 2003 Fragm.

279 2026 347 2090 T.
394 2025 485 2091 IV
531 2025 673 2107 676,
743 2027 867 2108 qui,
937 2027 1087 2107 quia
1126 2027 1245 2093 hoc
1286 2026 1639 2110 perfectum
1694 2027 1783 2092 sic
1825 2033 1899 2091 ut
1940 2027 2280 2115 μέμνημαι
2326 2026 2516 2108 signi-

269 2127 631 2193 'ficationem
674 2130 1028 2211 praesentis
1073 2129 1335 2213 obtinet,
1379 2130 1648 2196 formam
1691 2148 1939 2212 quoque
1981 2129 2170 2196 huius
2214 2129 2516 2211 temporis
2577 2199 2581 2203 .

274 2232 536 2297 induere
582 2232 719 2296 ausi
766 2236 914 2296 sunt
956 2233 1297 2300 recidenda
1343 2235 1585 2318 syllaba
1630 2235 1753 2304 ῖηῖι.

447 2339 570 2405 Εᾶἶ)
634 2335 859 2399 literae
926 2354 1052 2401 non
1119 2338 1632 2419 constringuntur
1698 2335 1821 2399 nisi
1886 2354 2001 2416 per
2066 2335 2390 2418 synthesin
2452 2336 2519 2400 in

272 2439 640 2522 pronomine
705 2437 1000 2505 reflexivo
1069 2435 1299 2517 αὑτοῦ,
1371 2443 1628 2517 σαυτοῦ,
1699 2439 1875 2505 cuius
1942 2440 2192 2521 generis
2246 2439 2519 2521 primum

272 2542 590 2607 invenitur
633 2543 802 2623 apud
845 2543 1196 2609 Hesiodum
1242 2544 1603 2626 exemplum
1648 2538 1871 2630 ἑαυτῇ,
1919 2543 2087 2623 quod
2117 2542 2519 2607 Muetzellius

273 2664 334 2726 p.
380 2644 508 2710 406
555 2651 894 2727 suspectat,
939 2647 1286 2728 immerite,
1330 2652 1403 2712 ut
1448 2647 1715 2712 videtur.

447 2748 524 2812 In
587 2768 853 2814 vacuum
917 2751 1177 2816 veniunt
1217 2752 1321 2821 Te:
1381 2755 1445 2815 et
1511 2751 1578 2830 ἶι,
1647 2768 2005 2831 quanquam
2072 2767 2263 2831 saepe
2314 2748 2520 2815 'causa

276 2849 623 2917 affectionis
667 2852 734 2916 in
779 2851 968 2918 dubio
1024 2858 1151 2936 est,
1219 2853 1559 2936 praecipue
1624 2853 1690 2916 in
1735 2851 1994 2934 syllabis
2049 2853 2517 2934 principalibus

275 2955 398 3020 Hic
439 2974 622 3020 nemo
669 2959 783 3035 est,
831 2956 931 3021 cui
974 2975 1099 3021 non
1143 2957 1213 3021 in
1252 2961 1531 3023 mentem
1574 2956 1831 3021 veniant
1861 2955 2057 3021 verba
2103 2956 2182 3022 ab
2205 2957 2517 3022 Atticistis

274 3062 416 3122 atro
463 3058 731 3123 carbone
775 3063 996 3124 notata
1018 3058 1179 3149 ῥέει,
1217 3062 1394 3127 πνέει
1420 3065 1538 3126 etc.
1599 3058 1725 3124 Sed
1764 3058 2097 3124 dicendum
2142 3066 2242 3125 est
2284 3060 2520 3142 aliquid

274 3161 358 3227 de
401 3161 756 3226 nominibus
822 3163 1084 3243 poeticis
1099 3215 1113 3244 ,
1182 3182 1447 3247 quorum
1514 3163 1745 3244 duplex
1798 3153 1983 3244 origo
2018 3159 2294 3226 affertur.
2380 3161 2514 3225 Nu-

270 3264 511 3340 merale
559 3262 691 3343 ἕεις
738 3265 980 3346 epsilon
1024 3286 1149 3331 non
1194 3286 1271 3331 ex
1318 3267 1592 3331 diaeresi
1637 3270 1860 3345 ortum,
1909 3264 2022 3328 sed
2064 3263 2519 3344 pleonasticum

270 3367 511 3432 habere
556 3368 957 3433 Herodianus
1025 3374 1090 3434 et
1156 3370 1264 3434 alii
1331 3367 1651 3433 affirmant
1711 3368 1778 3432 in
1822 3367 2088 3431 Dissert.
2146 3365 2224 3430 de
2268 3366 2516 3431 Prosth.
2562 3450 2572 3458 ,

273 3490 337 3551 p.
385 3469 469 3535 60
521 3471 839 3553 producti,
910 3472 1024 3536 sed
1089 3472 1280 3538 schol.
1325 3472 1477 3538 Hes.
1526 3471 1755 3552 Theog.
1806 3468 1925 3535 145
1996 3466 2156 3547 ἕεις
2215 3465 2356 3535 ἀντὶ
2402 3473 2519 3535 τοῦ

276 3560 414 3652 εἷς·
485 3573 626 3640 ἔστι
682 3575 756 3642 δὲ
824 3562 1150 3659 διαίρεσις
1214 3582 1330 3665 τῆς
1387 3574 1911 3663 περισπωμένης·
1981 3568 2073 3649 εἷς
2129 3571 2252 3661 γὰρ
2301 3568 2521 3651 ὀξεῖαν

276 3679 658 3764 διαιρεῖται,
705 3679 1050 3761 eodemque
1094 3678 1221 3744 fert
1262 3678 1578 3760 Apollonii
1622 3675 1935 3742 sententia
1980 3675 2136 3741 Adv.
2163 3675 2304 3740 557.
2330 3673 2413 3739 26
2438 3676 2517 3758 *).

275 3780 444 3846 Huic
513 3781 716 3846 simile
783 3785 1042 3864 apponit
1100 3782 1289 3847 schol.
1336 3780 1511 3846 Harl.
1558 3780 1674 3845 Od.
1719 3777 1846 3843 XII
1890 3776 2033 3858 417,
2102 3780 2276 3844 cuius
2320 3780 2517 3844 verba

278 3884 597 3966 adscripsi
663 3885 729 3950 in
771 3885 1060 3951 Rhemat.
1114 3885 1234 3950 188
1281 3885 1421 3949 adn.
1473 3883 1545 3949 11
1599 3882 1878 3951 θέειον
1948 3883 2368 3965 πλεονασμὸς
2419 3878 2507 3958 ὡς
2569 3970 2580 3976 -

272 3985 475 4067 ἕεις,
520 3988 635 4053 sed
678 3988 786 4052 alii
827 3989 1211 4055 contrarium
1255 3988 1603 4053 decernunt
1626 3984 1834 4071 [Path.
1858 3984 1890 4048 1
1914 3982 2220 4069 241sq.]:
2268 3979 2517 4051 Εῧὸαί-

273 4116 419 4175 μων
443 4091 623 4180 παρὰ
650 4090 723 4155 τὸ
750 4089 916 4169 θεὸς
938 4090 1167 4159 θέειον
1213 4091 1320 4158 καὶ
1347 4087 1649 4181 ἀποβολῇ
1674 4092 1791 4155 τοῦ
1822 4087 1865 4159 ἷ
1886 4092 2076 4155 θεῖον
2096 4086 2239 4152 EM.
2255 4084 2397 4152 449.
2417 4088 2518 4167 22,

416 4315 474 4383 s)
509 4274 571 4369 vs
597 4318 926 4372 &noemam
950 4283 1017 4370 ἶεη
1055 4317 1238 4370 Indice
1272 4317 1489 4370 scholar.
1533 4316 1735 4384 ermon.
1770 4315 1870 4368 Mb.
1909 4312 2043 4367 1860
2067 4330 2126 4380 p.
2164 4311 2230 4366 12
2264 4330 2339 4381 sq.

381 4401 616 4451 noueek,
641 4402 811 4447 Pathol.
839 4403 896 4443 11.
1260 4464 1269 4469 ἡ
2082 4381 2121 4448 9
