2946 4928
628 325 744 393 DE
786 318 1582 393 PROSCHEMATISMO.
1637 319 1726 393 P.
1747 324 1863 392 III.
1911 325 1978 392 G.
2003 325 2086 392 11.
2134 327 2188 412 ἓ.
2213 319 2272 392 4.
2447 324 2573 392 247

323 490 606 558 vicissim
651 508 838 556 nemo
883 490 1048 556 dixit
1107 485 1311 577 ἀρχῆς
1377 485 1676 577 ἐμισήθη
1741 509 1855 572 pro
1915 485 2208 578 ἀρχῆθεν
2271 490 2374 556 vel
2417 515 2577 557 παι-

324 586 535 660 δόθεν
578 589 962 681 συνηθίσθη
1011 590 1192 680 affingi
1235 611 1351 674 pro
1396 588 1469 659 ἐκ
1514 592 1801 660 παίδων.
1890 594 2179 676 Denique
2223 594 2389 657 inter
2431 611 2575 675 pro-

324 695 597 777 nomina,
644 696 811 762 unde
855 696 1016 782 haec
1057 697 1404 778 disputatio
1447 694 1734 779 profecta
1779 701 1896 776 est,
1941 702 2008 762 et
2051 696 2352 763 adverbia
2382 696 2578 782 etiam

322 800 443 865 hoc
486 797 865 890 discriminis
910 798 1260 879 intercedit,
1307 799 1500 882 quod
1521 798 1647 864 11118
1695 815 1969 864 consona
2011 797 2217 864 finalis
2246 816 2575 881 nunquam

325 901 592 982 decedit,
636 901 737 967 his
782 901 1169 983 saepissime.
1269 900 1372 965 Illi
1441 901 1577 966 veri
1641 901 1901 983 genitivi
1956 906 2106 967 sunt
2160 901 2383 966 eadem
2448 918 2576 983 qua

327 1004 648 1087 primitiva
692 1002 1145 1085 significatione
1161 1054 1176 1084 ,
1220 1022 1418 1086 quare
1462 1003 2010 1087 proschematistis
2056 995 2568 1096 adnumerantur.-

322 1105 784 1175 Adverbiorum
829 1107 954 1173 duo
997 1111 1244 1172 tantum
1309 1108 1428 1173 hoc
1469 1107 1721 1172 nomine
1767 1106 2124 1187 dignamur,
2195 1099 2438 1175 ἰίνευθε
2507 1116 2574 1178 et

188 1243 192 1249 ·
325 1201 595 1293 ἄτερθε,
641 1227 807 1291 quae
852 1227 892 1275 a
934 1209 1262 1293 bisyllabis
1306 1209 1463 1274 nihil
1493 1207 1809 1300 differunt,
1854 1208 1978 1273 nisi
2018 1210 2191 1290 quod
2232 1210 2391 1278 haec
2412 1232 2570 1279 nun-
2670 1252 2679 1255 ·

321 1329 519 1393 quam
559 1330 684 1378 non
729 1328 949 1379 casum
990 1314 1057 1379 in
1100 1312 1405 1378 comitatu
1446 1311 1715 1392 habent,
1761 1313 2296 1393 praepositionem
2341 1319 2572 1397 autem,
2669 1374 2675 1379 .

319 1433 514 1497 quam
558 1409 895 1484 ἀπάνευθε
942 1421 1007 1481 et
1051 1410 1402 1501 ἀπάτερθε
1449 1417 1864 1495 attraxerunt,
1913 1433 1951 1480 a
1996 1434 2065 1480 se
2107 1416 2415 1482 reiiciunt.
2507 1418 2574 1484 si

203 1521 206 1524 ’
320 1536 475 1583 vero
522 1515 671 1604 ἑγγύ
682 1524 821 1597 θεν,
866 1514 1175 1584 κάτωθεν
1242 1523 1309 1584 et
1351 1518 1478 1583 alia
1541 1536 1657 1601 pro
1699 1518 2051 1600 prototypis
2094 1524 2442 1600 ponuntur,
2472 1519 2478 1523 ’
2509 1521 2576 1587 id

320 1620 578 1707 minime
621 1625 1001 1702 perpetuum
1046 1626 1174 1702 est,
1244 1622 1357 1687 sed
1400 1618 1818 1703 proficiscitur
1847 1670 1850 1673 .
1883 1620 1985 1685 vel
2051 1639 2090 1685 a
2132 1621 2414 1704 prolepsi
2471 1624 2572 1689 vel

277 1769 288 1778 -
317 1700 404 1789 ab
428 1723 714 1805 enallage
751 1723 1129 1789 relationum
1171 1724 1497 1804 localium3
1541 1728 1775 1788 natura
1797 1725 2011 1787 autem
2034 1723 2359 1805 syllabam,
2405 1744 2569 1807 quae

316 1846 437 1909 pro
482 1825 762 1892 additiva
802 1825 1092 1907 habetur,
1140 1825 1622 1909 significabilem
1666 1825 1920 1891 habent.

494 1929 592 1994 Ab
637 1928 943 2009 omnibuS,
988 1947 1152 2010 quae
1196 1929 1503 1995 hactenus
1548 1928 1874 2010 disputata
1917 1932 2083 2009 sunt,
2130 1929 2402 1996 discedit
2438 1930 2566 1996 Ho—

311 2033 556 2098 merica
621 2032 810 2098 dictio
867 2032 940 2097 11.
986 2033 1110 2098 VH
1153 2030 1236 2097 97
1305 2029 1489 2121 λώβη
1553 2027 1716 2098 τάδε
1780 2025 1834 2115 γ’
1904 2031 2168 2098 ἔσσεται
2236 2026 2571 2099 αἰνόθεν

319 2161 366 2201 α
380 2132 406 2202 ἰ
422 2138 598 2213 νῶς.
641 2153 916 2218 namque
960 2136 1331 2202 adverbium
1375 2136 1536 2201 illud
1580 2135 1734 2200 alibi
1775 2153 1901 2200 non
1941 2134 2204 2215 legitur,
2250 2153 2570 2219 quumque

315 2238 637 2321 permulta
717 2239 846 2305 sint
918 2240 1231 2306 adiectiva
1296 2240 1673 2323 qualitatem
1745 2235 2193 2320 significantia,
2282 2233 2569 2325 αἰσχρός,

319 2334 591 2423 ἄθλιος,
642 2334 902 2429 ἷίγριος,
951 2337 1188 2423 δειλός,
1237 2343 1453 2430 δῆλος,
1503 2343 1768 2429 φαῦλος
1812 2346 1960 2421 etc.,
2006 2343 2220 2406 tamen
2262 2341 2420 2407 nulli
2464 2360 2569 2407 eo-

311 2461 460 2518 rnm
502 2442 785 2513 affictum
829 2451 931 2511 est
973 2444 1344 2512 adverbium
1385 2444 1480 2511 illi
1524 2443 1747 2511 simile.
1836 2442 1970 2510 Nec
2026 2443 2235 2509 minus
2290 2444 2565 2511 insolen-

312 2548 448 2614 tiae
510 2548 705 2614 habet
769 2550 1037 2614 duorum
1098 2549 1384 2615 eiusdem
1441 2548 1660 2630 stirpis
1705 2547 2147 2614 adverbiorum
2197 2548 2566 2616 coniunctio.

316 2650 710 2717 Scholiastae
776 2653 974 2735 priori
1028 2650 1549 2734 significationem
1604 2651 1895 2716 tribuunt
1955 2649 2103 2715 huic
2149 2652 2366 2732 generi
2420 2670 2565 2734 pro-

311 2755 550 2836 priam:
600 2749 739 2820 ἆπό
787 2759 899 2822 τοῦ
930 2759 1149 2824 δεινοῦ
1175 2757 1420 2835 δεινῶς,
1466 2751 1506 2819 δ’
1552 2753 1692 2820 ἐστι
1737 2756 1965 2821 δεινῶν
2001 2753 2391 2840 δεινοτέρως
2434 2755 2566 2820 sive

315 2855 390 2923 ἐκ
435 2859 565 2922 τῶν
609 2851 1097 2942 (ὑπαρχόντων)
1144 2861 1374 2931 δεινῶν
1417 2855 1599 2941 δεινὴ
1646 2854 1833 2921 ε”σται
1879 2851 1919 2943 ἦ
1967 2852 2144 2943 λώβη
2189 2850 2384 2942 ἤγουν
2431 2860 2565 2925 δει-

316 2957 575 3047 νοτάτη.
667 2959 789 3027 Hic
830 2962 1025 3043 igitur
1067 2959 1469 3042 periphrasin
1491 2959 1861 3040 superlativi
1883 2960 2127 3043 accipit,
2176 2979 2303 3041 qua
2321 2961 2567 3027 ratione

315 3063 781 3129 terminationis
825 3065 1072 3146 topicae
1116 3068 1406 3130 servatur
1448 3066 1736 3144 potestas
1779 3063 2052 3145 propria.
2111 3064 2265 3130 Veri
2298 3065 2565 3130 similius

313 3166 567 3232 videtur
612 3161 886 3233 αἰνόθεν
930 3167 1152 3232 eodem
1195 3166 1524 3231 intellectu
1588 3183 1712 3247 quo
1779 3160 1976 3244 αἰνῶς
2029 3169 2308 3248 positum
2373 3172 2565 3249 atque

239 3291 248 3294 ·
321 3268 443 3334 duo
497 3269 799 3335 adverbia
865 3270 1190 3352 qualitatis
1256 3269 1433 3334 iuxta
1487 3269 1696 3350 posita
1750 3288 1891 3335 esse
1958 3288 2072 3352 per
2139 3269 2562 3351 dissologiam,

319 3389 512 3454 quam
586 3373 819 3438 clarius
899 3372 1212 3452 expressit
1276 3372 1630 3455 Aeschylus
1694 3373 1871 3438 Pers.
1938 3371 2063 3443 909
2132 3369 2329 3464 (925)
2375 3365 2562 3437 Ἀσία

312 3475 498 3556 χθὼν
543 3470 742 3554 αἰνῶς
789 3470 983 3553 αἰνῶς
1041 3472 1153 3540 ἐπὶ
1211 3471 1368 3560 γόνυ
1414 3475 1720 3543 κέκλιται.
1807 3475 1895 3540 Et
1936 3475 2088 3541 alibi
2132 3475 2457 3543 adiectivis
2500 3475 2567 3538 in

313 3578 673 3644 accusativo
740 3578 1060 3644 collocatis
1130 3579 1423 3645 continuo
1490 3578 1846 3646 subduntur
1913 3579 2214 3647 adverbia
2282 3578 2565 3644 eiusdem

313 3681 533 3763 Stirpis
578 3686 654 3747 ut
696 3678 882 3764 Soph.
927 3681 1025 3746 El.
1077 3679 1198 3748 198
1244 3678 1435 3760 δόλος
1478 3682 1589 3750 καὶ
1639 3681 1808 3770 ἔρως
1850 3682 2074 3750 δεινὰν
2119 3685 2350 3759 δεινῶς
2407 3675 2562 3770 ἐφύ-

316 3776 574 3851 τευσαν
596 3780 892 3872 μορφάν,
940 3789 1007 3849 et
1048 3782 1440 3866 frequentius
1487 3786 1796 3868 epitheto,
1863 3786 2033 3867 quod
2086 3787 2168 3852 ad
2213 3785 2566 3851 subiectum

317 3888 633 3954 enuntiati
652 3878 947 3969 pertinet,
970 3886 1233 3954 Philoct.
1263 3885 1394 3954 165*
1430 3889 1800 3976 θηροβολεῖ
1840 3888 2162 3977 σμυγερὸς
2208 3891 2564 3974 σμυγερῶς,

315 3990 509 4058 Arist.
555 3989 707 4057 Aeh.
753 3988 879 4056 253
947 3983 986 4077 ἧ
1054 3986 1359 4078 θυγάτηρ
1426 3991 1502 4057 τὸ
1567 3994 1807 4057 κανοῦν
1863 3990 2032 4077 καλὴ
2091 3991 2310 4068 καλῶς
2368 3987 2562 4066 οἴσει,

313 4113 439 4178 quo
488 4093 569 4159 de
612 4111 846 4176 genere
886 4093 1368 4175 paronomasiae
1411 4093 1684 4176 plurima
1728 4092 1953 4175 collegi
1994 4092 2060 4157 in
2104 4093 2336 4158 Parall.
2362 4092 2447 4158 58
2469 4110 2559 4172 sq.

319 4196 500 4274 Quod
566 4216 716 4263 vero
758 4196 1096 4261 Homerico
1161 4196 1253 4260 1111
1319 4195 1717 4279 aequiparari
1784 4195 1946 4262 solet
1987 4195 2114 4260 VII
2157 4191 2283 4258 226
2350 4193 2430 4258 σὺ
2499 4188 2555 4257 δ’
2623 4242 2633 4249 .

267 4310 274 4316 ’
313 4296 527 4391 εἴσεαι
575 4292 809 4369 οἰόθεν
855 4290 988 4378 οἶος
1033 4297 1237 4365 81111110
1281 4299 1402 4366 dici
1444 4303 1680 4382 posset,
1754 4298 1810 4364 si
1854 4296 2014 4376 οἵως
2055 4297 2403 4377 legeretur3
2448 4295 2563 4360 sed
