2946 4928
418 307 542 384 164
949 346 953 350 ·
1135 363 1142 370 .
1193 295 1750 394 mssnnmno
1800 315 1958 385 wi.

414 480 531 548 Od.
575 479 695 548 XV
735 480 883 564 434,
930 484 1044 549 sed
1085 483 1366 565 proxime
1418 488 1566 565 post
1605 480 1733 550 ⁴439
1804 461 1945 562 τοῖςι
1989 480 2045 550 δ’
2053 474 2284 559 αὖτις
2325 479 2660 565 μετέειπε,

413 589 480 651 et
522 586 606 650 ad
647 603 901 658 versum
946 586 1364 651 claudendum
1406 587 1649 668 pariter
1693 590 1843 667 apta
1889 579 2136 652 ὁππότ’
2182 578 2262 649 ἂν
2308 576 2465 651 αὖτε
2491 580 2529 669 Η
2555 577 2661 649 ⁶1⁶5-
2778 604 2791 613 ·

415 691 638 778 ὁῃσθα
682 688 840 755 VIII
882 686 1028 770 444,
1091 688 1290 755 δόλον
1336 681 1494 756 αὖτε
1542 687 1580 774 Η
1626 683 1983 754 ἀθανάτων
2025 688 2084 754 V
2128 685 2273 769 356,
2321 680 2556 754 ἄλλοτε
2605 680 2661 753 δ’

415 784 573 858 αὖτε
600 790 635 878 {l
662 786 791 879 7¹7³—-
842 791 994 857 HeS.
1043 791 1202 875 Opp.
1249 790 1375 859 245
1422 798 1489 858 et
1531 792 1812 858 vicissim
1857 787 1936 858 οὗ
1982 791 2104 878 γὰρ
2152 788 2249 856 31³·-
2291 782 2661 875 αὖτιςΙΙνί·

414 918 621 978 σομαι
685 895 759 959 Il.
824 891 1047 959 XXIII
1112 894 1211 960 75.
1262 933 1335 943 -
1407 896 1651 962 Eodem
1715 894 2076 961 referuntur
2128 887 2400 971 ’Ἠλιδος
2467 885 2661 958 ὄντα

411 996 486 1062 Il.
516 996 582 1061 ΙΙ
613 995 770 1078 626,
817 994 890 1063 εἴ
924 999 999 1064 κέ
1040 1022 1167 1080 μευ
1214 990 1374 1064 δι’ντα
1422 998 1460 1084 ΙΙ
1509 996 1712 1086 στήῃς
1754 997 1939 1089 XVII
1970 995 2053 1064 29
2101 1002 2167 1063 et
2209 993 2665 1080 significatione

393 1100 640 1166 'leniter
681 1100 984 1165 inclinata
1028 1093 1539 1188 ὁμοιωθήμεναι
1591 1094 1831 1189 ἄντην
1896 1101 1969 1167 Il.
2013 1102 2047 1166 I
2096 1100 2236 1183 187,
2293 1089 2664 1185 ἐνάλίγκῖος

414 1196 613 1291 ἄντην
660 1201 776 1268 Od.
822 1201 913 1269 IV
959 1201 1086 1267 310
1130 1208 1197 1268 et
1240 1205 1493 1286 saepius
1539 1203 1827 1285 QuintuS‚
1874 1205 1984 1286 qui
2027 1205 2228 1270 altero
2272 1223 2396 1268 non
2440 1190 2662 1284 utitur,

409 1306 533 1373 nisi
576 1311 852 1371 metrum
877 1295 1079 1388 cogit,
1124 1325 1182 1372 v.
1229 1306 1512 1391 Koechly
1555 1306 1751 1389 praef.
1796 1307 2028 1373 LXIII.
2359 1363 2368 1368 .

584 1411 639 1494 ς.
686 1410 743 1474 2.
832 1410 1130 1475 Protinus
1175 1410 1456 1476 dicemus
1509 1411 1593 1484 de
1633 1411 2009 1477 nominibus.
2054 1449 2057 1450 ν
2104 1412 2418 1496 Τέκμαρ
2465 1409 2661 1491 Apol-

410 1514 615 1579 lonius
663 1513 915 1595 saepius
959 1513 1189 1595 posuit,
1234 1513 1347 1578 ubi
1387 1513 1567 1579 brevi
1613 1514 1858 1597 syllaba
1902 1533 2059 1597 opus
2106 1519 2221 1594 est,
2269 1512 2465 1579 semel
2510 1517 2660 1577 ante

411 1635 749 1683 consonam
816 1617 1057 1702 τέκμαρ
1120 1613 1460 1701 μετιόντες
1503 1617 1594 1683 IV
1638 1616 1783 1699 483,
1848 1636 1963 1699 pro
2030 1634 2155 1699 quo
2207 1616 2272 1679 in
2324 1633 2448 1680 uno
2490 1614 2659 1680 Flor.

410 1721 605 1803 τέκμ
624 1746 675 1786 ω
693 1747 731 1806 ρ
773 1721 1024 1802 legitur,
1071 1725 1137 1785 et
1180 1721 1272 1785 sic
1313 1721 1509 1785 etiam
1551 1721 1617 1785 in
1648 1721 1822 1786 exitu
1844 1725 1992 1785 ante
2016 1736 2353 1785 consonam
2374 1717 2657 1786 1v1335

408 1824 632 1906 bisque
680 1828 828 1889 ante
878 1824 1163 1889 vocalem
1207 1821 1305 1886 HI
1348 1820 1477 1886 492
1522 1828 1588 1887 et
1637 1822 1819 1905 1002,
1864 1823 1973 1889 ubi
2016 1822 2363 1889 Merkelius
2409 1841 2444 1888 e
2489 1823 2658 1888 codi-

410 1918 584 1992 cibus
629 1926 945 1991 nonnullis
991 1926 1245 2012 τέκμαρ
1290 1926 1548 2007 recepit.
1660 1926 1798 1992 Hoc
1849 1945 2004 1991 usus
2050 1930 2150 1992 est
2191 1925 2509 1992 Hesiodus
2554 1944 2658 1991 co-

409 2035 598 2111 gente
640 2047 857 2094 versu:
914 2026 1161 2115 τὲκμαρ
1210 2027 1473 2115 ἐναργές
1516 2029 1768 2111 Fragm.
1814 2015 2077 2095 CLXXI
2118 2034 2465 2113 posteaque
2507 2030 2656 2095 Pin-

410 2133 602 2199 darus
658 2138 724 2197 et
778 2131 1030 2214 tragici3
1096 2132 1412 2197 Homerus
1479 2140 1675 2198 unum
1737 2133 1914 2199 novit
1977 2131 2236 2219 τέκμωρ
2255 2185 2275 2217 ,
2344 2133 2659 2215 huiusque

409 2235 716 2316 exemplo¹
757 2235 967 2316 potius
1029 2254 1221 2317 quam
1284 2255 1690 2301 numerorum
1755 2254 1947 2301 causa
1992 2234 2292 2312 Quintum
2335 2235 2462 2301 XII
2505 2236 2547 2300 2
2590 2239 2660 2300 et

410 2337 766 2420 Oppianum
809 2331 956 2403 Hal.
1003 2338 1095 2405 IV
1138 2338 1222 2405 26
1282 2343 1471 2432 atque
1518 2339 1916 2421 Apollonium
1960 2340 2169 2421 ipsum
2213 2337 2464 2428 τέκμωρ
2509 2329 2657 2403 (1011-

408 2446 655 2508 stanter
718 2442 784 2507 in
850 2440 974 2507 fine
1019 2432 1323 2509 versuum
1382 2443 1672 2526 posuisse
1738 2462 1980 2510 censeo,
2032 2480 2104 2490 «-
2156 2442 2254 2508 Ab
2287 2442 2425 2523 his,
2491 2453 2667 2524 quae

406 2551 541 2611 toto
586 2551 873 2628 tempore
916 2548 1084 2613 inter
1129 2566 1198 2613 se
1246 2545 1572 2627 differunt,
1619 2547 1879 2629 paulum
1924 2548 2122 2612 distat
2166 2546 2396 2628 duplex
2437 2544 2656 2610 termi-

405 2650 579 2714 natio
642 2651 913 2716 nominis
982 2645 1334 2739 ἄλειφαρ
1403 2655 1469 2715 et
1514 2645 1851 2739 ἄλειψα,
1917 2655 2187 2733 utraque
2229 2637 2473 2729 breviS‚
2542 2649 2658 2714 sed

406 2753 610 2817 altera
654 2753 1012 2818 accessione
1058 2771 1367 2818 consonae
1391 2753 1763 2818 semibrevis·
1805 2754 2065 2835 auctior,
2110 2771 2306 2843 quare
2331 2771 2370 2818 a
2390 2752 2658 2818 Lehrsio

408 2853 662 2947 Quaest.
710 2854 834 2921 275
891 2875 1005 2938 pro
1050 2856 1170 2922 hac
1214 2875 1408 2922 causa
1450 2855 1728 2922 affertur.
1842 2857 2057 2923 Verba
2098 2857 2219 2922 viri
2283 2854 2656 2938 peritissimi

402 2957 562 3023 haec
608 2963 783 3023 sunt:
835 2958 1150 3046 Μὲμηλεν
1195 2958 1375 3044 apud
1406 2959 1820 3043 Apollonium
1861 2971 2023 3022 recte
2067 2959 2229 3022 mihi
2263 2959 2333 3022 in
2373 2955 2654 3045 μεμήλει

404 3070 712 3123 mutatum·
751 3059 1031 3142 videtum
1098 3061 1211 3124 illo
1280 3062 1346 3125 si
1380 3063 1482 3125 uti
1535 3062 1849 3143 voluisset,
1914 3084 2040 3126 non
2107 3062 2176 3125 in
2234 3061 2358 3144 fine
2428 3083 2649 3124 versus

406 3163 750 3245 ascivisset,
800 3185 920 3248 quo
966 3162 1215 3248 quidem
1260 3165 1393 3228 loco
1426 3165 1687 3250 plenior
1709 3163 1944 3250 forma
1978 3165 2302 3250 acceptior
2315 3176 2361 3257 ,f
2382 3164 2449 3231 et
2490 3159 2654 3230 lianc
2699 3247 2704 3255 “

404 3267 484 3332 ob
529 3285 788 3332 causam
853 3267 1063 3349 epicos
1133 3262 1421 3355 ἷίλειφαρ
1492 3272 1559 3333 et
1616 3259 1920 3347 οἶσθας
1961 3268 2354 3335 brevioribus
2399 3259 2652 3354 ὅῖλειφα

404 3373 472 3434 et
496 3360 707 3451 οἶδας,
757 3361 965 3436 οἶσθα
993 3372 1376 3454 praetulisse
1419 3359 1695 3437 iudicat(
1761 3370 2453 3453 Plusquamperfectum
2494 3370 2654 3434 illud

271 3524 274 3528 .
403 3471 759 3537 Brunckius
803 3479 976 3539 recte
1020 3476 1323 3557 reposuit,
1372 3475 1487 3540 sed
1529 3472 1608 3539 ob
1655 3474 1845 3539 aliam
1889 3493 2161 3554 causam,
2205 3474 2357 3555 quia
2398 3479 2651 3556 tempus

401 3574 561 3640 illud
605 3576 688 3641 ad
734 3593 991 3641 sensum
1034 3579 1247 3659 aptius
1275 3558 1393 3643 ‘est
1434 3576 1733 3659 perfecto.
1808 3571 2143 3666 ’Ἀλειφαρ
2166 3576 2540 3643 Theocritus
2584 3583 2653 3643 et

408 3675 750 3760 Oppianus,
817 3698 977 3761 quos
1022 3680 1425 3746 Muetzellius
1489 3678 1730 3746 indicat
1773 3678 1850 3744 de
1894 3678 2125 3762 Theog.
2170 3700 2312 3763 pag.
2356 3680 2459 3762 58,
2525 3698 2651 3746 non

317 3815 327 3822 -
402 3787 663 3862 propter
707 3800 931 3848 sonum
977 3782 1211 3850 dixisse
1255 3782 1578 3864 videntur,
1626 3783 1740 3849 sed
1784 3783 1932 3865 quia
1973 3782 2092 3848 hoc
2135 3784 2459 3876 analogiae
2500 3802 2648 3865 pro-

403 3883 546 3964 pius
592 3889 658 3950 et
702 3889 873 3951 certe
932 3905 1011 3951 ex
1067 3888 1624 3968 grammaticorum
1691 3888 2007 3968 sententia
2065 3887 2454 3970 primitivum
2520 3891 2648 3966 est3
2706 3979 2711 3984 .

399 3985 546 4052 hinc
590 3989 757 4053 enim
808 3982 1057 4076 ὅῖλειφα
1103 3994 1419 4073 repetunt,
1463 4010 1521 4055 v.
1545 3989 1835 4056 Rhemat.
1869 3988 2013 4069 313,
2060 3995 2251 4072 atque
2292 3989 2410 4054 hoc
2436 3989 2648 4070 ipsum

402 4090 482 4155 ab
525 4090 802 4157 Hesiodo
847 4097 915 4158 et
960 4092 1193 4170 Quinto
1259 4095 1327 4160 in
1368 4094 1544 4159 exitu
1588 4095 1864 4176 positum
1907 4111 2048 4158 esse
2097 4091 2516 4172 Goettlingius
2563 4092 2650 4157 ad

281 4200 284 4201 ’
399 4192 633 4276 Theog.
678 4193 804 4259 553
850 4200 918 4261 et
959 4195 1242 4280 Koechly
1287 4196 1483 4280 praef.
1528 4197 1683 4263 LIII
1748 4197 2033 4263 codicum
2078 4194 2453 4260 auctoritate
2497 4211 2646 4260 con-

399 4293 670 4362 firmant.
760 4297 859 4362 De
901 4297 1093 4406 verbo
1141 4291 1390 4379 οἶσθας
1431 4299 1598 4367 infra
1642 4298 1889 4366 dicendi
1933 4296 2175 4363 occasio
2218 4297 2367 4378 erit,
2412 4296 2521 4364 ubi
2565 4297 2645 4362 de

2718 2823 2753 2842 Q
