2946 4928
391 341 436 407 8
1139 338 1718 407 ‘DISSDRTATIO
1783 340 1892 408 VI.

395 504 653 588 syllepsi
706 502 952 586 positae
1009 498 1185 585 sunt,
1252 503 1367 570 sed
1429 504 1508 569 in·
1541 503 1862 586 epiphora.
1949 505 2222 589 Etymon
2286 524 2412 573 non
2480 504 2647 571 satis

393 612 668 687 constan
715 607 772 672 Si
815 598 917 672 c'x'w
946 606 1124 692 spiro
1145 607 1453 689 ponimu8‚
1498 607 1669 672 unde
1714 602 1915 695 ἀῆται
1961 614 2027 674 et
2060 602 2242 685 ἶίῖκες
2285 608 2648 693 spiramina

393 721 714 774 ventorum
758 710 891 775 sive
924 710 1264 795 procellae,
1309 710 1442 774 iota
1485 709 1568 774 ad
1596 728 1956 792 paragogen
1978 711 2269 792 pertinet,
2316 713 2448 777 sive
2482 711 2646 776 illud

394 832 537 879 cum
581 812 772 895 alpha
834 813 901 877 in
946 811 1403 895 diphthongum
1454 813 1777 894 propriam
1821 812 2103 893 confluit,
2174 806 2355 898 αἶγες
2377 815 2646 900 fluctus

394 912 665 1000 αἷγίδες,
714 912 1106 997 καταιγιᾛδες
1156 912 1547 1000 ἑπαιγιᾋζειν
1593 933 1756 996 quae
1778 916 2154 982 Eustathius
2182 915 2321 981 193.
2368 916 2449 982 39
2495 936 2646 982 con—

391 1019 603 1084 iuncte
672 1018 756 1083 ad
822 1012 1036 1082 ἆΐσσω
1099 1014 1315 1081 refert.
1398 1015 1740 1138 Quomodo
1807 1039 1847 1085 a
1900 1020 2081 1087 πνέω
2137 1018 2488 1101 profectum
2542 1025 2652 1086 est

390 1146 596 1187 πεπνι
599 1145 757 1203 μαι
803 1120 896 1185 ita
940 1138 980 1184 a
1002 1137 1343 1201 synonymo
1389 1111 1491 1184 οἵω
1516 1115 1741 1208 (αήμι)
1774 1120 2179 1187 Homericum
2211 1117 2479 1189 ἅΐσθειν
2514 1123 2647 1204 spi-

389 1223 575 1288 randi
632 1219 1084 1347 significatione
1150 1219 1232 1284 ad
1288 1221 1567 1287 animum
1620 1224 2027 1304 translatum,
2098 1223 2315 1307 θυμὸν
2373 1221 2650 1291 dinosa»

392 1321 696 1401 feretut’
668 1321 818 1390 αἰον
839 1315 1004 1410 ἦτορ
1047 1342 1220 1415 quens
1262 1321 1424 1385 mihi
1459 1324 1787 1388 aestuabat
1813 1326 1999 1391 Hom.
2046 1333 2113 1392 et
2157 1328 2392 1415 φρένες
2439 1322 2648 1414 ἄηντο

395 1427 646 1490 animus
703 1423 1067 1512 ayitabatur
1110 1423 1396 1505 Apollon.
1440 1425 1542 1491 ῙΠ
1585 1425 1712 1491 289
1786 1433 1853 1494 et
1908 1425 2037 1494 ἀΐω
2081 1430 2120 1494 i.
2165 1449 2223 1511 q.
2283 1413 2648 1511 αἴσθομίαι,

394 1528 471 1595 cf.
493 1529 714 1595 Rhem.
742 1525 884 1593 334.
957 1526 1125 1591 Illud
1167 1525 1291 1592 huc
1334 1528 1665 1610 interpono
1708 1535 1969 1611 propter
2012 1530 2280 1612 criticos,
2327 1533 2435 1614 qui
2455 1532 2652 1598 Euri-

395 1633 610 1715 pidem
684 1632 751 1696 in
815 1647 1034 1696 versu-
1069 1629 1521 1713 antistrophico
1564 1631 1752 1697 Herc.
1801 1631 1926 1698 772
1994 1632 2178 1717 (745)
2253 1638 2654 1700 contractum

395 1732 628 1824 ἐπᾴειν
672 1738 876 1799 metro
919 1730 1345 1814 gratificatum
1376 1735 1682 1817 suspicati
1714 1739 1878 1800 sunt.
1935 1734 2116 1800 Idem
2156 1735 2290 1801 iota
2330 1755 2457 1801 non
2496 1753 2654 1800 raro

396 1837 608 1917 verb0‚
652 1837 822 1902 unde
864 1835 970 1900 hic
1015 1838 1223 1901 sermo
1266 1835 1464 1916 fluxit,
1511 1841 1715 1902 totum
1758 1837 2019 1916 tollitur,
2063 1840 2401 1920 praecipue
2444 1838 2511 1902 in
2531 1855 2653 1901 no-

396 1941 566 2006 mine
611 1939 967 2017 stellarum,
1023 1938 1153 2017 qui'
1178 1931 1483 2017 ἅττοντες
1526 1940 1659 2005 Sive
1705 1934 2082 2018 διάττοντες
2125 1945 2461 2018 meantum
2529 1938 2654 2004 sed

396 2042 863 2125 grammaticus
909 2046 1099 2120 quem
1146 2038 1567 2107 Schneiderus
1612 2041 1695 2106 ad
1738 2041 1899 2106 Plat.
1947 2041 2075 2108 Civ.
2124 2043 2191 2107 T.
2215 2043 2315 2107 III
2359 2042 2485 2106 302
2515 2053 2654 2122 ’pro

395 2146 518 2212 hac
541 2130 855 2227 scriptura
877 2140 1064 2208 affert
1107 2135 1286 2209 ὂῖπω
1334 2139 1478 2211 ἀπὸ
1524 2146 1643 2209 τοῦ
1669 2139 1903 2220 ἅΐσσω,
1953 2145 2286 2211 manifesto
2329 2146 2409 2210 de
2432 2144 2655 2209 Attico

399 2244 577 2339 ᾅττω
630 2248 929 2330 loquutus
983 2251 1100 2310 est.
1188 2245 1316 2310 Alii
1382 2250 1605 2311 contra
1671 2242 1884 2321 αἶ’σσω
1953 2247 2355 2313 scribendum
2419 2238 2659 2329 putant

398 2349 601 2417 vocali
641 2368 768 2415 non
813 2347 1188 2431 subscripta,
1236 2348 1351 2413 sed
1391 2349 1458 2412 in
1503 2348 1666 2413 serie
1710 2349 2039 2415 literarum
2067 2350 2291 2432 posita,
2338 2353 2412 2435 ut
2434 2349 2656 2414 Blom-

398 2451 648 2521 fieldius
692 2452 914 2534 Agam.
938 2448 1040 2532 96,
1084 2450 1396 2518 Matthiae
1438 2451 1629 2518 Rhes.
1656 2450 1782 2518 788
1805 2451 1990 2537 (774)
2034 2451 2328 2534 neglectu
2369 2452 2658 2535 regulae,

399 2576 563 2639 quae
608 2554 1066 2638 diphthongum
1109 2558 1171 2625 ἷι
1214 2560 1361 2620 ante
1401 2556 1611 2637 ¹sigma
1653 2552 2039 2637 geminatum
2080 2547 2229 2637 poni
2272 2561 2482 2638 negat,
2528 2554 2661 2621 Pa-

397 2659 538 2726 rall.
583 2657 685 2725 36.
771 2657 860 2723 Hi
902 2657 1057 2723 mihi
1098 2658 1396 2725 videntur
1449 2658 1529 2724 τὰ
1578 2653 1853 2746 ἀκίνητα
1898 2661 2089 2723 κινεῖν
2111 2656 2187 2739 ⁴).

571 2762 680 2828 IV.
768 2760 872 2826 Ad
913 2759 1093 2826 verbi
1145 2755 1403 2827 ἂΐσσειν
1447 2761 1923 2827 similitudinem
1978 2760 2287 2826 accedunt
2356 2777 2521 2841 quae
2590 2760 2665 2825 in

401 2870 497 2948 iffi
543 2869 793 2944 exeunt„
838 2864 1112 2946 primum
1158 2861 1368 2945 δαΐζω
1383 2912 1400 2940 ,
1450 2865 1628 2930 cuius
1671 2862 2073 2946 participium
2116 2860 2296 2926 finxit
2338 2861 2666 2928 Pindarus

405 2966 832 3055 δεραιγμένος
874 2965 1432 3048 quadrisyllabum,
1480 2984 1748 3046 cumque
1801 2964 1920 3030 hoc
1942 2964 2370 3029 Buttmannus
2414 2963 2484 3028 II
2534 2962 2660 3029 141

402 3077 532 3138 not.
578 3068 840 3155 confert.
860 3066 1145 3133 futurum
1190 3065 1400 3146 ὀαίξω
1445 3068 1697 3137 Aesch..
1721 3067 1837 3148 Ag.
1887 3065 2006 3131 195
2054 3064 2273 3148 (212);
2332 3067 2450 3131 sed
2491 3066 2670 3131 Her-

404 3190 675 3241 mannus
728 3171 1048 3237 revocavit
1101 3174 1384 3236 veterem
1450 3170 1831 3251 scripturam
1898 3167 2125 3247 δαΐξω.
2217 3166 2673 3235 Certissimum

407 3281 509 3343 est
554 3274 746 3359 Cycni
791 3272 1115 3355 epitheton
1172 3271 1253 3338 ab
1299 3271 1524 3337 eadem
1568 3272 1764 3353 stirpe
1810 3271 2067 3336 ductum
2112 3267 2543 3358 ξενοδαίκτης
2600 3273 2674 3337 111

408 3379 652 3447 cantico
694 3376 1038 3459 EuripidiS,
1082 3396 1140 3442 v.
1186 3374 1269 3440 ad
1312 3374 1410 3457 Aj.
1454 3395 1513 3441 v.
1545 3371 1670 3439 445
1697 3373 1768 3456 ⁵).
1855 3371 1951 3437 Ne
1997 3369 2205 3452 ὀαίζω
2249 3372 2674 3494 primitivum,

408 3479 619 3562 ὀαΐζω
664 3480 1042 3546 dissolutum
1065 3466 1349 3544 dicamus
1392 3477 1688 3560 prohibet
1731 3456 2157 3541 Herodianus:
2206 3498 2286 3539 οι
2260 3469 2402 3541 ἰδὲν
2450 3471 2550 3553 εἷς
2598 3496 2674 3555 ξω

407 3585 612 3668 λῆγον
656 3581 789 3665 πρὸ
822 3580 1055 3658 τέλους
1099 3576 1232 3660 ε’χει
1276 3579 1393 3665 τὴν
1439 3616 1501 3648 αι
1545 3574 1713 3644 ἀλλὰ
1736 3575 2037 3660 μόνοντὰ
2065 3575 2306 3657 παίζω,
2353 3597 2411 3643 v.
2435 3577 2674 3644 Rhem.

405 3705 469 3769 p.
513 3683 616 3750 82.
680 3722 751 3737 —
831 3682 1168 3770 Synaeresi
1233 3681 1616 3747 contrariam
1671 3680 1984 3748 diaeresin
2038 3678 2384 3744 introducit
2424 3679 2677 3747 Eusta-

547 3889 603 3953 4)
655 3891 739 3942 Ab
775 3890 960 3942 eodem
993 3889 1140 3941 fonte
1173 3892 1418 3955 repetunt
1451 3902 1644 3942 nomen
1679 3886 2035 3954 quadrupedi·
2080 3884 2169 3944 αἲξ
2217 3886 2331 3935 sive
2380 3878 2475 3945 αἷξ
2513 3885 2684 3957 παρὰ

408 3973 471 4031 τὸ
510 3973 692 4034 ἀΐσσω
718 3972 857 4028 κατὰ
893 3978 1214 4043 συναίρεσιν
1256 3974 1380 4028 ΕΜ.
1432 3979 1487 4025 et
1538 3975 1653 4025 avis
1707 3968 1883 4031 αἰετός
1933 3972 2141 4037 aliaque
2185 3976 2386 4022 motum
2434 3974 2684 4026 celerem

405 4063 673 4132 procellae
704 4065 872 4115 instar
908 4078 953 4113 sl
935 4060 1282 4127 ignificantia,
1339 4058 1484 4110 unde
1518 4059 1662 4110 faciil
1645 4075 1690 4110 ts
1738 4059 1808 4110 ad
1842 4062 2044 4110 aestum
2064 4072 2169 4107 am
2150 4056 2242 4106 iim
2278 4063 2620 4125 transgressi
2622 4078 2680 4126 0,

410 4150 503 4216 qui
545 4150 756 4215 proprie
799 4151 872 4199 θυ
842 4141 980 4210 υμός
1021 4150 1241 4197 vocatur
1283 4138 1395 4195 ἀπὸ
1453 4160 1513 4193 το
1526 4137 1666 4194 θύ
1670 4158 1717 4195 ει
1698 4160 1753 4196 ιν
1805 4139 1865 4195 ’τὸ
1921 4140 2122 4215 ὄρμᾷν.
2194 4142 2335 4207 Λῐητ
2340 4142 2407 4195 οῦ
2457 4144 2685 4199 nomini

409 4236 606 4286 Aratus
643 4231 745 4285 313
780 4233 1064 4310 applicat-
1045 4246 1137 4297 ver
1111 4230 1264 4280 rbum
1299 4221 1572 4295 σχεδόθεν
1607 4226 1673 4280 δέ
1707 4228 1760 4281 οἱ
1794 4221 1955 4286 all-os·
1990 4219 2166 4293 ἄηται.

554 4315 610 4382 5)
645 4318 713 4368 Di
702 4317 975 4385 phthongi
1009 4335 1046 4384 ᾳ
1067 4317 1361 4383 vestigium
1396 4314 1616 4366 nullum.
