2946 4928
418 328 503 395 32
1176 327 1732 395 DISSERTATIO
1795 327 1904 394 VI.

421 508 614 556 sensu
654 491 934 556 omnium
978 492 1327 582 sustinetur
1367 490 1434 556 in
1455 490 1741 572 Apollon.
1787 494 1854 556 et
1876 489 2135 556 Theocr.
2180 488 2470 555 versibus
2511 507 2663 572 pro-
2735 502 2748 507 ·

419 592 608 658 ducto
649 593 883 675 ubique
926 594 1128 676 ypsilo
1142 644 1157 674 ‚
1225 592 1393 675 quod
1447 592 1514 656 in
1571 592 1839 674 obliquis
1882 592 2182 674 primitivi
2236 595 2364 676 μῦς
2406 592 2666 659 casibus

417 695 610 761 breve
654 700 770 775 est,
813 715 870 760 v.
918 694 1211 777 Spitzner
1253 695 1510 760 Prosod.
1558 688 1780 760 Graec.
1826 692 1927 761 97.

591 798 767 863 Haec
811 797 1155 879 disputatio
1210 798 1500 880 opinione
1554 796 1802 879 longius
1855 796 2165 877 processit
2216 801 2476 877 propter
2532 797 2665 861 sin-

420 900 703 983 gularem
747 898 1244 981 diphthongis,-
1206 904 1583 968 naturam.
1699 898 1865 964 Nam
1930 916 2123 980 quum
2187 902 2438 963 ceterae
2503 899 2670 964 nulli

422 1002 744 1068 subiectae
789 1001 917 1067 sint
957 1001 1234 1082 regulae,
1278 1000 1436 1066 haec
1478 1001 1750 1082 propriis
1792 1000 2034 1081 regitur
2076 997 2322 1066 finibus,
2376 999 2668 1066 Primum

420 1106 588 1170 enim
630 1122 950 1185 nunquam
993 1121 1210 1169 vocem
1252 1100 1394 1167 finit
1433 1107 1690 1183 praeter
1735 1103 1977 1168 dativos
2021 1103 2263 1184 poetice
2306 1107 2669 1169 contractos

419 1202 680 1293 πληθύϊ
739 1207 1002 1291 πληθυῖ
1011 1254 1031 1289 ,
1095 1203 1324 1287 quibus
1390 1204 1880 1287 aequiparantur
1943 1204 2067 1269 duo
2129 1204 2339 1269 Latini
2413 1206 2523 1269 om·
2597 1211 2671 1272 et

421 1307 595 1389 huic,
664 1308 719 1372 si
761 1307 1174 1388 monosyllabi
1215 1306 1392 1372 fiunt.
1480 1307 1557 1371 In
1601 1307 1874 1372 dictione
1920 1311 2133 1371 autem
2176 1306 2387 1371 media
2429 1294 2671 1389 refugit

422 1429 462 1474 a
502 1410 732 1475 vicinia
773 1428 1187 1476 consonarum
1231 1414 1297 1475 et
1338 1429 1419 1475 ne
1465 1414 1612 1475 ante
1648 1409 1897 1475 vocales
1942 1408 2195 1489 quidem
2240 1409 2455 1474 sedem
2476 1410 2667 1475 undi-

421 1531 543 1594 que
586 1516 792 1577 tutam
833 1511 1027 1577 habet
1040 1562 1056 1592 ‚
1121 1512 1235 1577 sed
1279 1531 1469 1595 saepe
1515 1513 1597 1577 ad
1642 1511 1694 1583 v*
1734 1511 1997 1592 simplex
2039 1510 2347 1591 redigitur
2399 1511 2499 1576 vel
2555 1530 2666 1576 ex-

374 1668 379 1673 .
422 1615 627 1680 aeresi
685 1613 909 1679 literae
976 1613 1437 1703 hypotacticae,
1516 1618 1682 1699 μῦα,
1764 1607 1900 1679 vel'
1933 1613 2221 1694 diastasi‚
2289 1610 2452 1697 μύϊα
2515 1632 2666 1694 pro-

419 1722 848 1800 paroxytonon
889 1720 964 1781 ut
1007 1714 1264 1783 πότνια.
1351 1717 1564 1782 Latini
1605 1717 1886 1783 vocalem
1928 1716 1993 1781 in
2039 1733 2375 1783 consonam
2416 1719 2671 1781 vertere

423 1820 655 1885 solent:
701 1818 901 1903 Maja‚
951 1817 1164 1902 Trqja,
1213 1819 1504 1904 Herpw‘a
1515 1866 1533 1900 ‚
1579 1837 1769 1900 quam
1792 1818 2037 1899 'tropen
2069 1819 2383 1884 uberrime
2426 1823 2665 1883 tracta-

420 1923 513 1987 vit
556 1921 623 1986 G.
670 1920 1090 1986 Schneiderus
1132 1922 1198 1985 in
1223 1920 1501 1986 Gramm.
1536 1919 1675 1985 Lat.
1743 1921 1831 1984 At
1869 1939 2019 1986 vero
2073 1921 2240 2003 quod
2284 1921 2539 2003 quidam
2583 1921 2668 1985 de

422 2025 654 2088 nostris
699 2022 1112 2101 contendunt,
1191 2023 1360 2104 apud
1405 2021 1683 2087 Graecos
1742 2040 1986 2104 quoque
2045 2024 2176 2087 iota
2218 2041 2667 2104 nonnunquam

423 2126 624 2191 vicem
667 2142 975 2190 consonae
1020 2124 1384 2205 obtinuisse,
1431 2145 1616 2208 quae,
1637 2126 1824 2191 hodie
1860 2125 1973 2207 Jod
2012 2129 2428 2207 nuncupatur,
2473 2129 2671 2206 negat

422 2227 816 2292 Henrichsen
877 2226 1180 2291 adversus
1225 2226 1553 2292 Blochium
1607 2228 1936 2310 disputans
1989 2228 2055 2291 in
2108 2226 2270 2292 libro
2324 2226 2520 2290 Ueber
2564 2213 2670 2290 die

425 2327 921 2414 neugriechisclze
967 2327 1376 2415 Ausspraclz‘e
1427 2349 1488 2411 p.
1540 2329 1679 2410 117,
1742 2335 1810 2395 et
1850 2330 1917 2394 id
1959 2330 2195 2394 rectius
2214 2378 2230 2408 ,
2279 2334 2354 2393 ut
2395 2330 2664 2394 videtur.

427 2430 655 2497 Graeci
699 2431 865 2496 enim
908 2431 1161 2497 nomina
1203 2431 1628 2498 Romanorum
1671 2432 1926 2514 propria
1953 2430 2343 2513 proferentes
2389 2430 2664 2498 elemen-

424 2539 560 2598 tum
602 2533 900 2599 Latinum
942 2534 1218 2599 reddunt
1259 2535 1596 2600 vernaculo
1638 2536 1793 2600 iota:
1848 2531 2093 2611 Γάϊος,’
2127 2531 2514 2621 Πομπήϊος,
2587 2534 2665 2600 cf.

426 2636 783 2701 Wanowski
826 2636 1078 2718 Antiqq.
1123 2636 1301 2701 Rom.
1368 2656 1427 2717 p.
1475 2635 1558 2700 54
1572 2687 1587 2716 ,
1654 2636 1944 2717 idemque
2000 2636 2212 2701 Latini
2276 2637 2342 2701 in
2404 2637 2664 2703 vocibus

428 2737 830 2804 Graecanicis
854 2756 1044 2820 saepe
1069 2737 1462 2802 substituunt
1478 2738 1558 2821 ⁹):
1592 2733 1797 2825 Τήϊος
1823 2735 2028 2820 Testae,
2053 2734 2281 2816 Λάϊος
2304 2737 2524 2823 Lajus,
2551 2739 2666 2805 sed

424 2842 598 2906 nulla
639 2860 709 2906 re
753 2841 1086 2922 probatur,
1131 2839 1271 2904 illos
1298 2839 1457 2904 haec
1481 2839 1930 2921 pronunciasse
1951 2857 2126 2904 more
2147 2839 2429 2905 Romano
2460 2837 2667 2924 Τήιος

426 2942 819 3023 bisyllabum‚
834 2937 1198 3028 Πομπήιος
1219 2941 1634 3022 trisyllabum.
1657 2942 1903 3006 Inhanc
1918 2941 2378 3023 corruptionem
2396 2941 2668 3008 Graecia
2711 2937 2728 2960 ‘

427 3049 722 3138 postuma
745 3044 1004 3125 delapsa
1035 3047 1135 3106 est
1153 3043 1549 3108 lenocinante
1574 3044 1711 3108 soni
1730 3045 2060 3125 utriusque
2085 3041 2407 3109 affinitate.
2434 3043 2664 3121 Quem-

430 3145 765 3210 admodum
820 3146 987 3233 enim
1032 3148 1082 3228 ‘g‘
1116 3143 1303 3208 litera
1366 3146 1431 3208 in
1490 3147 1804 3211 nonnullis
1851 3146 2263 3212 Germanicae
2304 3146 2668 3228 regionibus

429 3247 725 3329 liquidius
770 3251 979 3312 sonat:
1025 3244 1160 3308 Jott
1203 3263 1317 3326 pro
1365 3242 1536 3332 Gon,
1584 3247 1675 3311 sic
1718 3249 1976 3313 inolevit
2018 3246 2193 3331 μύγα
2236 3267 2350 3330 pro
2393 3252 2556 3329 μυῖα
2602 3249 2667 3313 in

357 3386 365 3392 -
428 3350 709 3431 Epim.1
754 3351 879 3416 272
954 3353 1019 3414 et
1084 3346 1254 3428 apud
1314 3346 1472 3412 alios
1527 3348 1713 3414 huius
1750 3348 2009 3415 .farinae
2070 3350 2435 3432 scriptoreS‚
2509 3368 2667 3431 quos

429 3451 535 3516 Du
578 3451 853 3535 Gangius
909 3452 1090 3529 citat,
1157 3447 1233 3513 cf.
1288 3448 1569 3515 Mullach
1627 3448 2027 3514 Grammatik
2082 3449 2195 3514 der
2245 3450 2671 3537 qrieckisclzeu

443 3551 946 3637 Vulqc'z'rspraclze
990 3548 1362 3632 p.141.1d
1404 3552 1499 3615 illi
1541 3577 1612 3634 μι
1610 3549 1698 3634 ’ᾖα
1744 3553 2039 3634 scripturi
2095 3559 2303 3633 erant,
2371 3553 2495 3617 nisi
2549 3554 2668 3620 hoc

432 3654 680 3740 signum
720 3654 1088 3719 literaturae
1135 3651 1420 3716 Graecae
1465 3653 1732 3722 deesset

604 3756 829 3821 Adhuc
870 3756 1025 3820 nihil
1069 3755 1340 3820 diximus
1396 3754 1473 3818 de
1521 3756 1871 3836 quantitate
1916 3756 2401 3838 diphthongi*
2331 3794 2401 3828 m.
2488 3681 2588 3822 Ea
2631 3774 2670 3821 a

431 3858 616 3940 longo
659 3859 806 3923 inde
850 3864 1133 3940 tempore
1177 3857 1630 3925 adnumeratur
1670 3858 2047 3941 impropriis.
2127 3857 2254 3924 Sed
2283 3860 2670 3925 contrarium

434 3961 870 4041 demonstrant
912 3959 1109 4025 dativi
1150 3958 1243 4023 illi
1285 3957 1606 4025 Homerici
1652 3961 1914 4047 πληθυῖ
1954 3966 2071 4026 etc.
2087 4010 2102 4040 ‚
2170 3961 2277 4043 qui
2322 3979 2517 4043 quum
2590 3981 2668 4027 ex

347 4069 367 4080 ‘
434 4062 680 4127 duabus
723 4062 1018 4128 brevibus
1071 4065 1104 4156 ζ,
1158 4066 1225 4126 et
1274 4062 1311 4132 ἶ
1367 4063 1671 4128 contracti
1715 4063 1858 4144 sint,
1905 4064 2189 4144 sequitur
2229 4067 2286 4134 ’ἦ
2331 4062 2668 4144 diphthon-

571 4283 631 4347 9)
666 4284 851 4370 §aspen
887 4284 1022 4351 dico,
1056 4301 1162 4337 non
1197 4302 1403 4353 semper
1434 4294 1646 4353 propter
1679 4269 1873 4350 Aeetes,
1907 4288 2125 4352 Aeacus,
2158 4287 2393 4340 Achaeas
2427 4294 2531 4341 etc.
2585 4313 2590 4324 =
