2946 4928
438 343 554 409 DE
604 272 1090 425 SYssJAERESL
1135 342 1535 410 DIAERESI
1578 349 1695 410 etc.
1760 342 1935 409 P.11.
1982 342 2049 408 C.
2072 342 2122 409 Ι.
2167 343 2222 427 §-
2247 345 2304 408 3.
2414 341 2493 412 61

259 504 588 586 παλίωξις
647 509 779 573 iota
840 508 1026 590 longo
1087 512 1348 590 propter
1415 507 1625 572 crasin
1689 511 1821 573 τῶν.
1887 506 2006 574 δύο
2067 510 2134 576 ’.ἶ
2191 505 2494 572 Choerob.

257 608 444 675 Orth.
489 609 632 676 249.
682 610 736 676 1.

433 711 758 778 Hactenus
783 713 862 779 de
884 714 1258 779 nominibus
1346 711 1422 776 In
1467 712 1744 793 optativo
1770 707 2176 799 ἀποφθίμην
2199 716 2267 776 et
2289 714 2500 799 φθῖτο

255 815 396 881 iota
438 816 609 881 modi
650 817 841 882 huius
886 817 1467 883 characteristicum
1513 814 1631 879 sub
1672 814 2015 880 thematico
2057 816 2188 880 iota
2231 816 2324 880 ita
2369 816 2496 880 alte

257 918 600 1000 delitescit,
646 924 719 984 ut
740 939 1062 1002 nunquam
1095 921 1162 985 in
1184 922 1588 1001 conspectum
1613 918 1860 982 -veniat,
1888 954 1960 964 —
1989 916 2295 999 Regulam
2316 918 2500 985 vitiat

250 1019 525 1086 verbum
567 1022 948 1089 imitativum
991 1020 1203 1107 ἷΐζειν,
1270 1041 1394 1105 quo
1437 1020 1841 1086 Dioscorides
1885 1037 2039 1086 usus
2085 1025 2186 1086 est
2226 1019 2497 1086 fortasse

246 1124 690 1206 ambiguitatis
733 1126 1029 1193 vitandae
1074 1141 1283 1204 causa,
1315 1124 1481 1216 ‘quia
1515 1123 1682 1206 ἵζειν
1727 1129 1795 1189 et
1828 1118 2035 1206 ἰάζειν
2062 1123 2380 1189 diversum
2402 1125 2498 1189 in-

250 1228 586 1294 tellectum
608 1227 846 1294 habent
868 1228 1114 1314 [1283]
1163 1228 1416 1293 Certam
1437 1246 1586 1294 vero
1610 1232 1677 1293 et
1705 1226 2255 1310 inexpugnabilem
2279 1228 2498 1294 sedem

248 1330 415 1397 ha'ec
463 1332 760 1413 epallelia
799 1332 995 1397 habet
1045 1332 1112 1396 in
1155 1331 1476 1396 vocabulis
1520 1330 1914 1412 quibusdam,
1959 1349 2122 1412 quae
2166 1349 2310 1396 cum
2351 1350 2497 1414 par-

249 1434 427 1501 tibus
477 1435 784 1501 orationis
848 1434 1391 1501 indeclinabilibus
1459 1435 1805 1516 composita
1863 1438 2037 1514 sunt,
2103 1435 2376 1516 primum
2419 1435 2499 1500 iis

247 1555 419 1620 quae
467 1538 966 1620 praepositiones
1010 1535 1121 1606 διά
1169 1544 1235 1603 et
1280 1537 1439 1626 περί
1482 1539 1547 1602 in
1601 1536 1905 1620 principio
1948 1536 2187 1601 habent
2231 1530 2497 1615 διιέναι,

250 1640 627 1728 περιιέναι,
677 1643 1032 1727 περιίσχειν
1079 1647 1226 1720 etc.,
1272 1659 1434 1722 quae
1480 1642 1754 1706 sermoni
1798 1640 2001 1705 soluto
2046 1644 2345 1705 consueta
2387 1658 2497 1705 ne-

248 1762 373 1827 que
422 1762 709 1825 unquam
755 1745 1013 1811 elisione
1055 1744 1438 1827 interpolata
1483 1747 1632 1809 sunt
1693 1747 2140 1825 praeterquam
2184 1742 2353 1825 apud
2396 1761 2498 1809 co-

246 1849 475 1927 micoS‚
520 1865 678 1929 quos
725 1846 1068 1935 περιόντες
1107 1867 1223 1931 pro
1272 1844 1640 1931 περιιόντες
1681 1863 2025 1929 usurpasse
2057 1844 2284 1910 docent
2304 1845 2501 1911 critici

249 1950 446 2033 Angli
495 1951 579 2015 ad
620 1951 811 2037 Vesp.
841 1951 1024 2016 1020.
1113 1951 1189 2016 In
1231 1952 1614 2032 tragicorum
1658 1948 1889 2014 fabulis
1934 1967 2127 2014 unum
2170 1949 2270 2013 his
2295 1949 2498 2014 simile

247 2053 594 2136 reperitur,
661 2054 776 2118 sed
840 2054 1153 2119 nonnullis
1217 2058 1583 2135 suspectum
1629 2056 1951 2140 περιιδεῖν
1996 2051 2150 2118 Oed.
2197 2052 2265 2117 T.
2315 2049 2498 2116 1505.

247 2154 770 2238 Praepositiones
815 2152 995 2244 ἀμφί
1037 2162 1115 2222 et
1148 2151 1296 2222 ἄντί
1337 2174 1463 2220 11011
1508 2156 1710 2221 solum
1755 2176 1794 2221 a
1834 2156 2039 2238 poetis
2070 2160 2497 2238 amputantur,

251 2278 306 2324 v,
347 2259 628 2324 Elemm.
673 2258 705 2322 I
748 2257 896 2339 290,
943 2260 1057 2325 sed
1099 2259 1321 2338 ubiviS,
1389 2263 1462 2324 ut
1527 2251 1651 2344 ἧμί
1716 2275 1963 2339 quoque
2023 2260 2089 2323 in
2133 2255 2494 2346 ἡμιάμβος,

253 2363 418 2443 quod
467 2365 622 2426 ante
690 2362 848 2427 alias
893 2363 1140 2428 vocales
1206 2380 1422 2426 omnes
1478 2378 1793 2442 syncopen
1835 2365 2116 2440 recusat;
2184 2360 2499 2426 contraria

254 2461 596 2547 ὁιίαμβος,
644 2461 970 2551 τρίιππος
991 2463 1390 2550 infirmantur
1411 2462 1690 2552 novitate
1715 2469 2040 2529 auctorum
2073 2462 2156 2547 [v.
2170 2461 2498 2528 Diss.V111

255 2565 317 2631 G.
340 2567 372 2631 I
407 2568 464 2653 g.
491 2566 538 2631 2
582 2586 642 2631 11.
674 2567 755 2653 1].
846 2566 1064 2633 Sermo
1107 2568 1304 2632 civilis
1349 2571 1735 2649 quantopere
1780 2569 1858 2631 ab
1902 2567 2021 2632 hoc
2064 2584 2292 2648 genere
2335 2567 2494 2652 iota-

253 2669 427 2735 cismi
474 2668 847 2751 abhorreat,
906 2689 983 2735 ex
1028 2670 1468 2736 adverbiorum
1511 2671 1960 2736 imitativorum
2009 2667 2495 2733 conformatione

254 2771 683 2855 cognoscitur;
726 2792 874 2838 nam
903 2790 1097 2855 quum
1125 2774 1334 2838 omnia
1375 2775 1507 2838 iota
1549 2775 1615 2838 in
1649 2773 1996 2856 penultima
2023 2771 2327 2836 habeant:
2376 2775 2495 2837 δω-

254 2873 446 2961 ριστί,
502 2874 764 2941 λυδιστί
805 2880 941 2954 eto„
988 2874 1178 2956 alpha
1221 2881 1600 2957 acceperunt
1645 2871 1846 2955 ἰαστί,
1892 2872 2160 2953 Amori,
2203 2872 2441 2955 χιαστί.

419 2980 476 3063 ξ.
530 2975 590 3042 4.
683 2978 761 3048 δᾶ
810 2978 1059 3043 vocales
1126 2996 1314 3059 quam
1379 2977 1563 3045 facile
1630 2979 2002 3058 coalescant,
2069 2977 2494 3060 promtissime

256 3081 653 3162 cognoscitur
672 3065 677 3076 ⁸
695 3100 772 3145 ex
816 3080 1224 3145 substantivis
1292 3083 1605 3148 secundae
1652 3081 2083 3148 declinationis
2147 3080 2493 3164 bisyllabiS‚

255 3200 411 3263 quae
456 3181 676 3248 nescio
719 3202 842 3264 quo
888 3188 1146 3248 auctore
1193 3177 1519 3268 ὃλοπαθῆ
1564 3190 1884 3251 vocantur.
1949 3183 2195 3250 Horum
2218 3185 2493 3267 quinque

257 3284 697 3352 subministrat
738 3284 1081 3351 Homerus:
1150 3283 1390 3372 θρόος,
1460 3284 1634 3366 νόος,
1685 3283 1915 3369 πλόος,
1969 3283 2130 3374 ῥόος
2173 3291 2239 3350 et
2281 3282 2492 3367 χνόος,

258 3403 523 3467 quorum
567 3408 764 3454 unum
832 3389 1027 3454 semel
1070 3389 1258 3455 metri
1300 3408 1492 3455 causa
1537 3390 1848 3455 contraxit
1890 3414 1961 3454 νο
1969 3392 2060 3469 ῦς,
2109 3389 2303 3453 Attici
2344 3407 2494 3454 vero

256 3488 318 3553 in
361 3508 653 3556 sermone
697 3491 861 3557 civili
905 3509 1244 3574 omnesque
1291 3498 1507 3558 curate
1552 3491 1897 3558 scribentes
1940 3509 2066 3557 non
2121 3492 2231 3557 illa
2274 3492 2493 3573 solum,

263 3593 372 3656 sed
415 3593 613 3657 etiam
655 3597 879 3676 μνοῦς,
924 3598 1082 3675 χοῦς
1127 3599 1192 3659 et
1233 3596 1374 3676 tria,
1420 3614 1584 3677 quae
1626 3596 2027 3662 Herodianus
2071 3594 2238 3660 Mon.
2289 3592 2385 3660 14.
2410 3592 2492 3659 35

260 3692 419 3759 inter
461 3696 905 3777 perispomena
924 3695 1138 3778 refert,
1185 3702 1398 3777 κνοῦς,
1440 3702 1660 3784 χροῦς,
1709 3703 1939 3787 φλοῦς,
1984 3698 2215 3763 omisso
2256 3700 2494 3778 χλοῦς,·

262 3818 368 3880 χρο
376 3801 445 3876 ῦς
488 3798 598 3862 ille
619 3798 876 3864 Ionibus
919 3789 1170 3879 t'ribuit3
1216 3804 1371 3879 σοῦς
1417 3802 1640 3866 eodem
1681 3802 1817 3867 loco
1860 3802 2162 3867 additum*
2188 3800 2497 3866 incertum

264 3903 358 3992 est
397 3919 630 3967 nomen
671 3902 757 3967 sit
799 3921 881 3967 an
922 3903 1309 3968 vocabulum.
1396 3902 1749 3986 Hesychius
1785 3904 1963 3970 addit
1983 3907 2176 3986 χλοῦς
2200 3908 2267 3969 et
2291 3900 2495 3982 πνόος

263 4015 382 4066 11011
425 4008 834 4070 contractum.
886 4005 1019 4075 ,De
1041 4005 1148 4070 illo
1171 4010 1385 4082 tamen
1406 4006 1729 4088 inopinato
1770 4007 2107 4073 intercedit
2126 4006 2269 4072 EM.
2296 4004 2488 4072 6721

265 4099 327 4166 τί
366 4100 622 4188 δήποτε
666 4102 825 4192 γόος
870 4106 982 4173 καί
1023 4105 1214 4188 χλόος
1256 4110 1347 4194 μὴ
1398 4106 1684 4195 ἐποίησε,
1723 4112 1878 4192 γοῦς
1923 4108 2030 4174 καὶ
2051 4115 2240 4190 χλοῦς
2265 4106 2493 4190 ὥσπερ

269 4205 469 4284 πλοῦς
512 4208 621 4274 καὶ
667 4213 851 4289 νοῦς,·
898 4208 1012 4274 sed
1053 4210 1362 4276 rationem
1403 4210 1592 4275 huius
1617 4210 2074 4293 discrepantiae
2116 4206 2496 4292 poscendam

273 4321 406 4373 esse
438 4316 662 4392 negat:
706 4311 811 4378 καὶ
858 4311 1095 4399 φαμέν,
1147 4308 1245 4378 ὅτι
1296 4312 1376 4378 τὰ
1424 4309 1669 4403 ἀπαθῆ
1696 4310 1812 4378 οὐκ
1845 4309 1969 4381 εἶσὶ
2003 4313 2282 4400 διηνεκῆ·
2329 4303 2497 4372 ὅθεν
