<?xml version="1.0" encoding="UTF-8"?>
<!DOCTYPE html PUBLIC "-//W3C//DTD XHTML 1.0 Transitional//EN"
    "http://www.w3.org/TR/xhtml1/DTD/xhtml1-transitional.dtd">
<html xmlns="http://www.w3.org/1999/xhtml" xml:lang="en" lang="en">
 <head>
  <title>
</title>
<meta http-equiv="Content-Type" content="text/html;charset=utf-8" />
  <meta name='ocr-system' content='tesseract 3.04.00' />
  <meta name='ocr-capabilities' content='ocr_page ocr_carea ocr_par ocr_line ocrx_word'/>
</head>
<body>
  <div class='ocr_page' id='page_1' title='image "./pathologiaegrae02lobegoog_0187.png"; bbox 0 0 2946 4928; ppageno 0'>
   <div class='ocr_carea' id='block_1_1' title="bbox 627 328 2553 420">
    <p class='ocr_par' dir='ltr' id='par_1_1' title="bbox 627 328 2553 420">
     <span class='ocr_line' id='line_1_1' title="bbox 627 328 2553 420; baseline 0.002 -22"><span class='ocrx_word' id='word_1_1' title='bbox 627 332 743 400; x_wconf 88' lang='lat' dir='ltr'>DE</span> <span class='ocrx_word' id='word_1_2' title='bbox 786 328 1587 400; x_wconf 77' lang='lat' dir='ltr'>PROSCIOEMATISMO.</span> <span class='ocrx_word' id='word_1_3' title='bbox 1671 332 1743 401; x_wconf 85' lang='lat' dir='ltr'>P.</span> <span class='ocrx_word' id='word_1_4' title='bbox 1763 332 1814 401; x_wconf 82' lang='lat' dir='ltr'>L</span> <span class='ocrx_word' id='word_1_5' title='bbox 1861 330 1927 400; x_wconf 81' lang='grc' dir='ltr'>Ο.</span> <span class='ocrx_word' id='word_1_6' title='bbox 1950 332 2000 400; x_wconf 95' lang='grc' dir='ltr'>Ι.</span> <span class='ocrx_word' id='word_1_7' title='bbox 2047 333 2102 420; x_wconf 62' lang='grc' dir='ltr'>ξ.</span> <span class='ocrx_word' id='word_1_8' title='bbox 2127 332 2185 402; x_wconf 90' lang='grc'>3.</span> <span class='ocrx_word' id='word_1_9' title='bbox 2430 329 2553 403; x_wconf 80' lang='grc'>169</span> 
     </span>
    </p>
   </div>
   <div class='ocr_carea' id='block_1_2' title="bbox 287 497 2640 4404">
    <p class='ocr_par' dir='ltr' id='par_1_2' title="bbox 287 497 2607 4091">
     <span class='ocr_line' id='line_1_2' title="bbox 306 497 2554 580; baseline 0 -15"><span class='ocrx_word' id='word_1_10' title='bbox 306 497 901 565; x_wconf 81' lang='lat' dir='ltr'>Commodissimum</span> <span class='ocrx_word' id='word_1_11' title='bbox 943 498 1196 564; x_wconf 85' lang='lat' dir='ltr'>videtur</span> <span class='ocrx_word' id='word_1_12' title='bbox 1237 499 1430 565; x_wconf 87' lang='lat' dir='ltr'>verbo</span> <span class='ocrx_word' id='word_1_13' title='bbox 1496 497 1563 563; x_wconf 92' lang='lat' dir='ltr'>in</span> <span class='ocrx_word' id='word_1_14' title='bbox 1608 498 1782 565; x_wconf 88' lang='lat' dir='ltr'>duali</span> <span class='ocrx_word' id='word_1_15' title='bbox 1823 498 2028 580; x_wconf 88' lang='lat' dir='ltr'>posito</span> <span class='ocrx_word' id='word_1_16' title='bbox 2073 498 2364 580; x_wconf 88' lang='lat' dir='ltr'>adaptari</span> <span class='ocrx_word' id='word_1_17' title='bbox 2406 516 2554 580; x_wconf 86' lang='lat' dir='ltr'>par-</span> 
     </span>
     <span class='ocr_line' id='line_1_3' title="bbox 303 598 2555 691; baseline 0 -23"><span class='ocrx_word' id='word_1_18' title='bbox 303 603 592 686; x_wconf 82' lang='lat' dir='ltr'>ticipium</span> <span class='ocrx_word' id='word_1_19' title='bbox 636 602 921 668; x_wconf 85' lang='lat' dir='ltr'>eiusdem</span> <span class='ocrx_word' id='word_1_20' title='bbox 962 602 1238 668; x_wconf 87' lang='lat' dir='ltr'>numeri:</span> <span class='ocrx_word' id='word_1_21' title='bbox 1307 598 1665 691; x_wconf 78' lang='grc' dir='ltr'><strong><em>διαστήτην</em></strong></span> <span class='ocrx_word' id='word_1_22' title='bbox 1710 601 2015 688; x_wconf 73' lang='grc' dir='ltr'><strong><em>ἐρίσαντε</em></strong></span> <span class='ocrx_word' id='word_1_23' title='bbox 2057 600 2131 667; x_wconf 92' lang='lat' dir='ltr'>Il.</span> <span class='ocrx_word' id='word_1_24' title='bbox 2175 600 2210 667; x_wconf 92' lang='lat' dir='ltr'>I</span> <span class='ocrx_word' id='word_1_25' title='bbox 2254 600 2323 683; x_wconf 87' lang='lat'>6,</span> <span class='ocrx_word' id='word_1_26' title='bbox 2390 599 2555 668; x_wconf 89' lang='grc' dir='ltr'><strong><em>τοίω</em></strong></span> 
     </span>
     <span class='ocr_line' id='line_1_4' title="bbox 303 699 2560 793; baseline 0.001 -23"><span class='ocrx_word' id='word_1_27' title='bbox 303 704 398 771; x_wconf 74' lang='grc' dir='ltr'>τῶ</span> <span class='ocrx_word' id='word_1_28' title='bbox 447 741 520 753; x_wconf 87' lang='lat'>--</span> <span class='ocrx_word' id='word_1_29' title='bbox 573 699 687 771; x_wconf 70' lang='grc' dir='ltr'>ὑπ’</span> <span class='ocrx_word' id='word_1_30' title='bbox 736 700 1019 772; x_wconf 79' lang='grc' dir='ltr'><strong><em>Αἰνείαο</em></strong></span> <span class='ocrx_word' id='word_1_31' title='bbox 1069 705 1340 788; x_wconf 78' lang='grc' dir='ltr'><em>δαμέντε</em></span> <span class='ocrx_word' id='word_1_32' title='bbox 1382 705 1902 793; x_wconf 56' lang='grc' dir='ltr'><strong><em>καππεσέτηνᾙ</em></strong></span> <span class='ocrx_word' id='word_1_33' title='bbox 1944 703 2098 786; x_wconf 87' lang='grc'><strong>559,</strong></span> <span class='ocrx_word' id='word_1_34' title='bbox 2145 703 2560 792; x_wconf 72' lang='grc' dir='ltr'><strong><em>στρεφθέντε</em></strong></span> 
     </span>
     <span class='ocr_line' id='line_1_5' title="bbox 306 802 2556 897; baseline -0.001 -21"><span class='ocrx_word' id='word_1_35' title='bbox 306 808 734 895; x_wconf 66' lang='grc' dir='ltr'><strong><em>μαχέσθηνῩ</em></strong></span> <span class='ocrx_word' id='word_1_36' title='bbox 778 805 922 887; x_wconf 87' lang='grc'><strong>575,</strong></span> <span class='ocrx_word' id='word_1_37' title='bbox 970 806 1060 873; x_wconf 79' lang='grc' dir='ltr'>τώ</span> <span class='ocrx_word' id='word_1_38' title='bbox 1090 807 1182 875; x_wconf 75' lang='grc' dir='ltr'>,δὲ</span> <span class='ocrx_word' id='word_1_39' title='bbox 1228 802 1656 887; x_wconf 78' lang='grc' dir='ltr'><strong><em>δύ”ἀΐξαντε</em></strong></span> <span class='ocrx_word' id='word_1_40' title='bbox 1702 811 1880 897; x_wconf 83' lang='grc' dir='ltr'><strong><em>φυγῇ</em></strong></span> <span class='ocrx_word' id='word_1_41' title='bbox 1926 804 2040 874; x_wconf 74' lang='grc' dir='ltr'><strong><em>ἐπὶ</em></strong></span> <span class='ocrx_word' id='word_1_42' title='bbox 2085 811 2244 894; x_wconf 87' lang='grc' dir='ltr'><strong><em>νῆας</em></strong></span> <span class='ocrx_word' id='word_1_43' title='bbox 2288 803 2556 897; x_wconf 72' lang='grc' dir='ltr'><strong><em>ἱκέσθην</em></strong></span> 
     </span>
     <span class='ocr_line' id='line_1_6' title="bbox 312 905 2554 999; baseline -0 -22"><span class='ocrx_word' id='word_1_44' title='bbox 312 910 535 977; x_wconf 68' lang='grc' dir='ltr'><strong>Οᾶ.’Χ</strong></span> <span class='ocrx_word' id='word_1_45' title='bbox 583 908 724 992; x_wconf 93' lang='grc'><strong>117,</strong></span> <span class='ocrx_word' id='word_1_46' title='bbox 771 907 916 997; x_wconf 82' lang='grc' dir='ltr'><strong><em>κῆρ’</em></strong></span> <span class='ocrx_word' id='word_1_47' title='bbox 965 905 1284 996; x_wconf 85' lang='grc' dir='ltr'><strong><em>ἀραρόντε</em></strong></span> <span class='ocrx_word' id='word_1_48' title='bbox 1331 910 1664 999; x_wconf 75' lang='grc' dir='ltr'><strong><em>ἔρχησθον</em></strong></span> <span class='ocrx_word' id='word_1_49' title='bbox 1685 911 1838 976; x_wconf 82' lang='grc' dir='ltr'>ΧἮ</span> <span class='ocrx_word' id='word_1_50' title='bbox 1866 908 2006 992; x_wconf 88' lang='grc'><strong>169,</strong></span> <span class='ocrx_word' id='word_1_51' title='bbox 2053 909 2358 978; x_wconf 82' lang='grc' dir='ltr'><strong><em>κλαίετον</em></strong></span> <span class='ocrx_word' id='word_1_52' title='bbox 2391 906 2554 989; x_wconf 83' lang='grc' dir='ltr'><strong><em>τόξα</em></strong></span> 
     </span>
     <span class='ocr_line' id='line_1_7' title="bbox 315 1009 2554 1102; baseline 0.002 -24"><span class='ocrx_word' id='word_1_53' title='bbox 315 1010 582 1081; x_wconf 77' lang='grc' dir='ltr'><strong><em>λιπόντε</em></strong></span> <span class='ocrx_word' id='word_1_54' title='bbox 609 1013 765 1079; x_wconf 88' lang='lat' dir='ltr'>XXI</span> <span class='ocrx_word' id='word_1_55' title='bbox 809 1013 910 1095; x_wconf 85' lang='lat'>90,</span> <span class='ocrx_word' id='word_1_56' title='bbox 956 1014 1049 1080; x_wconf 78' lang='grc' dir='ltr'>τὼ</span> <span class='ocrx_word' id='word_1_57' title='bbox 1094 1016 1464 1102; x_wconf 71' lang='grc' dir='ltr'><strong><em>τερπέσθην</em></strong></span> <span class='ocrx_word' id='word_1_58' title='bbox 1509 1010 1794 1095; x_wconf 84' lang='grc' dir='ltr'><strong><em>μύθοισι</em></strong></span> <span class='ocrx_word' id='word_1_59' title='bbox 1842 1012 2014 1102; x_wconf 83' lang='grc' dir='ltr'><strong><em>πρὸς</em></strong></span> <span class='ocrx_word' id='word_1_60' title='bbox 2059 1009 2378 1099; x_wconf 75' lang='grc' dir='ltr'><strong><em>ἀλλήλους</em></strong></span> <span class='ocrx_word' id='word_1_61' title='bbox 2421 1013 2554 1082; x_wconf 57' lang='grc' dir='ltr'><strong><em>ἐνί*</em></strong></span> 
     </span>
     <span class='ocr_line' id='line_1_8' title="bbox 314 1113 2552 1206; baseline 0 -23"><span class='ocrx_word' id='word_1_62' title='bbox 314 1139 515 1183; x_wconf 81' lang='grc' dir='ltr'><strong><em>ποντε</em></strong></span> <span class='ocrx_word' id='word_1_63' title='bbox 558 1115 779 1182; x_wconf 91' lang='lat' dir='ltr'>XXIII</span> <span class='ocrx_word' id='word_1_64' title='bbox 821 1116 965 1194; x_wconf 73' lang='lat'><strong>304,</strong></span> <span class='ocrx_word' id='word_1_65' title='bbox 1011 1123 1359 1201; x_wconf 78' lang='lat' dir='ltr'>quaterque</span> <span class='ocrx_word' id='word_1_66' title='bbox 1402 1118 1667 1183; x_wconf 88' lang='lat' dir='ltr'>verbum</span> <span class='ocrx_word' id='word_1_67' title='bbox 1711 1118 1928 1183; x_wconf 87' lang='lat' dir='ltr'>eundi:</span> <span class='ocrx_word' id='word_1_68' title='bbox 1974 1116 2065 1183; x_wconf 82' lang='grc' dir='ltr'>τώ</span> <span class='ocrx_word' id='word_1_69' title='bbox 2108 1113 2313 1206; x_wconf 82' lang='grc' dir='ltr'><strong><em>βήτην</em></strong></span> <span class='ocrx_word' id='word_1_70' title='bbox 2340 1155 2411 1165; x_wconf 90' lang='grc'><strong>-</strong></span> <span class='ocrx_word' id='word_1_71' title='bbox 2452 1119 2552 1183; x_wconf 72' lang='grc' dir='ltr'>λι-</span> 
     </span>
     <span class='ocr_line' id='line_1_9' title="bbox 287 1215 2553 1310; baseline 0.001 -27"><span class='ocrx_word' id='word_1_72' title='bbox 287 1215 501 1286; x_wconf 81' lang='grc' dir='ltr'><strong><em>,πόντε</em></strong></span> <span class='ocrx_word' id='word_1_73' title='bbox 544 1219 619 1286; x_wconf 89' lang='lat' dir='ltr'>Il.</span> <span class='ocrx_word' id='word_1_74' title='bbox 642 1220 795 1286; x_wconf 87' lang='lat' dir='ltr'>XIV</span> <span class='ocrx_word' id='word_1_75' title='bbox 837 1221 984 1302; x_wconf 82' lang='lat'><strong>281,</strong></span> <span class='ocrx_word' id='word_1_76' title='bbox 1031 1221 1123 1286; x_wconf 75' lang='grc' dir='ltr'>τὼ</span> <span class='ocrx_word' id='word_1_77' title='bbox 1166 1221 1288 1306; x_wconf 77' lang='grc' dir='ltr'>μὲν</span> <span class='ocrx_word' id='word_1_78' title='bbox 1335 1221 1614 1304; x_wconf 77' lang='grc' dir='ltr'><strong><em>δαμέντε</em></strong></span> <span class='ocrx_word' id='word_1_79' title='bbox 1659 1216 1865 1310; x_wconf 81' lang='grc' dir='ltr'><strong><em>βήτην</em></strong></span> <span class='ocrx_word' id='word_1_80' title='bbox 1908 1220 2061 1287; x_wconf 89' lang='lat' dir='ltr'>XVI</span> <span class='ocrx_word' id='word_1_81' title='bbox 2104 1218 2249 1300; x_wconf 82' lang='lat'><strong>326,</strong></span> <span class='ocrx_word' id='word_1_82' title='bbox 2294 1218 2387 1286; x_wconf 73' lang='grc' dir='ltr'>τιὸ</span> <span class='ocrx_word' id='word_1_83' title='bbox 2431 1216 2553 1308; x_wconf 84' lang='grc' dir='ltr'>βή-</span> 
     </span>
     <span class='ocr_line' id='line_1_10' title="bbox 306 1320 2554 1411; baseline 0 -23"><span class='ocrx_word' id='word_1_84' title='bbox 306 1347 424 1411; x_wconf 82' lang='grc' dir='ltr'><strong><em>την</em></strong></span> <span class='ocrx_word' id='word_1_85' title='bbox 469 1320 688 1390; x_wconf 82' lang='grc' dir='ltr'><strong><em>κιόντε</em></strong></span> <span class='ocrx_word' id='word_1_86' title='bbox 735 1322 852 1390; x_wconf 91' lang='lat' dir='ltr'>Od.</span> <span class='ocrx_word' id='word_1_87' title='bbox 896 1323 1086 1390; x_wconf 91' lang='lat' dir='ltr'>XXII</span> <span class='ocrx_word' id='word_1_88' title='bbox 1130 1322 1258 1389; x_wconf 85' lang='lat'>378</span> <span class='ocrx_word' id='word_1_89' title='bbox 1302 1327 1420 1389; x_wconf 91' lang='lat' dir='ltr'>etc.</span> <span class='ocrx_word' id='word_1_90' title='bbox 1509 1324 1596 1388; x_wconf 90' lang='lat' dir='ltr'>Et</span> <span class='ocrx_word' id='word_1_91' title='bbox 1637 1323 1915 1389; x_wconf 86' lang='lat' dir='ltr'>vicissim</span> <span class='ocrx_word' id='word_1_92' title='bbox 1956 1323 2150 1389; x_wconf 86' lang='lat' dir='ltr'>verbo</span> <span class='ocrx_word' id='word_1_93' title='bbox 2214 1324 2281 1388; x_wconf 90' lang='lat' dir='ltr'>in</span> <span class='ocrx_word' id='word_1_94' title='bbox 2324 1325 2554 1405; x_wconf 86' lang='lat' dir='ltr'>plurali</span> 
     </span>
     <span class='ocr_line' id='line_1_11' title="bbox 304 1422 2555 1510; baseline 0 -17"><span class='ocrx_word' id='word_1_95' title='bbox 304 1427 599 1493; x_wconf 85' lang='lat' dir='ltr'>convenit</span> <span class='ocrx_word' id='word_1_96' title='bbox 638 1427 1040 1510; x_wconf 82' lang='lat' dir='ltr'>participium</span> <span class='ocrx_word' id='word_1_97' title='bbox 1085 1428 1368 1493; x_wconf 88' lang='lat' dir='ltr'>eiusdem</span> <span class='ocrx_word' id='word_1_98' title='bbox 1418 1426 1683 1492; x_wconf 85' lang='lat' dir='ltr'>ordinis:</span> <span class='ocrx_word' id='word_1_99' title='bbox 1752 1422 2192 1510; x_wconf 75' lang='grc' dir='ltr'><strong><em>ἀλεξώμεσθα</em></strong></span> <span class='ocrx_word' id='word_1_100' title='bbox 2246 1426 2555 1509; x_wconf 82' lang='grc' dir='ltr'><strong><em>μένοντες</em></strong></span> 
     </span>
     <span class='ocr_line' id='line_1_12' title="bbox 304 1525 2553 1626; baseline 0.001 -31"><span class='ocrx_word' id='word_1_101' title='bbox 304 1530 377 1596; x_wconf 89' lang='lat'>11.</span> <span class='ocrx_word' id='word_1_102' title='bbox 422 1529 518 1595; x_wconf 90' lang='lat' dir='ltr'>XI</span> <span class='ocrx_word' id='word_1_103' title='bbox 564 1528 692 1595; x_wconf 84' lang='grc'>348</span> <span class='ocrx_word' id='word_1_104' title='bbox 735 1535 804 1595; x_wconf 83' lang='lat' dir='ltr'>et</span> <span class='ocrx_word' id='word_1_105' title='bbox 843 1530 1033 1595; x_wconf 91' lang='lat' dir='ltr'>XXII</span> <span class='ocrx_word' id='word_1_106' title='bbox 1076 1530 1222 1626; x_wconf 78' lang='grc'><strong>231,</strong></span> <span class='ocrx_word' id='word_1_107' title='bbox 1270 1525 1368 1609; x_wconf 66' lang='grc' dir='ltr'>δύ’</span> <span class='ocrx_word' id='word_1_108' title='bbox 1416 1525 1602 1616; x_wconf 82' lang='grc' dir='ltr'><strong><em>ἀνέρε</em></strong></span> <span class='ocrx_word' id='word_1_109' title='bbox 1652 1526 2085 1616; x_wconf 76' lang='grc' dir='ltr'><strong><em>θωρήσσοντο</em></strong></span> <span class='ocrx_word' id='word_1_110' title='bbox 2135 1567 2207 1577; x_wconf 91' lang='grc'>--</span> <span class='ocrx_word' id='word_1_111' title='bbox 2262 1529 2375 1596; x_wconf 71' lang='grc' dir='ltr'>ἕνα</span> <span class='ocrx_word' id='word_1_112' title='bbox 2423 1537 2553 1597; x_wconf 82' lang='grc' dir='ltr'>θυ-</span> 
     </span>
     <span class='ocr_line' id='line_1_13' title="bbox 302 1624 2552 1720; baseline 0 -21"><span class='ocrx_word' id='word_1_113' title='bbox 302 1624 431 1715; x_wconf 81' lang='grc' dir='ltr'>μδν</span> <span class='ocrx_word' id='word_1_114' title='bbox 477 1631 736 1715; x_wconf 81' lang='grc' dir='ltr'><strong><em>ἔχοντες</em></strong></span> <span class='ocrx_word' id='word_1_115' title='bbox 775 1633 1029 1700; x_wconf 84' lang='lat' dir='ltr'>11.le</span> <span class='ocrx_word' id='word_1_116' title='bbox 1071 1633 1216 1715; x_wconf 82' lang='lat'><strong>218,</strong></span> <span class='ocrx_word' id='word_1_117' title='bbox 1264 1632 1356 1699; x_wconf 75' lang='grc' dir='ltr'>τιὸ</span> <span class='ocrx_word' id='word_1_118' title='bbox 1404 1632 1850 1720; x_wconf 79' lang='grc' dir='ltr'><strong><em>δὲ’τέρποντο</em></strong></span> <span class='ocrx_word' id='word_1_119' title='bbox 1880 1630 2167 1717; x_wconf 75' lang='grc' dir='ltr'><strong><em>μύθοισι</em></strong></span> <span class='ocrx_word' id='word_1_120' title='bbox 2215 1632 2387 1719; x_wconf 82' lang='grc' dir='ltr'><strong><em>πρὸς</em></strong></span> <span class='ocrx_word' id='word_1_121' title='bbox 2432 1630 2552 1699; x_wconf 83' lang='grc' dir='ltr'>ἀλ-</span> 
     </span>
     <span class='ocr_line' id='line_1_14' title="bbox 304 1727 2553 1829; baseline 0.003 -31"><span class='ocrx_word' id='word_1_122' title='bbox 304 1730 550 1822; x_wconf 80' lang='grc' dir='ltr'><strong><em>λήλους</em></strong></span> <span class='ocrx_word' id='word_1_123' title='bbox 596 1735 944 1817; x_wconf 76' lang='grc' dir='ltr'><strong><em>ἐνέποντες</em></strong></span> <span class='ocrx_word' id='word_1_124' title='bbox 986 1737 1080 1803; x_wconf 81' lang='lat' dir='ltr'>XI</span> <span class='ocrx_word' id='word_1_125' title='bbox 1125 1734 1279 1816; x_wconf 77' lang='lat'><strong>642,</strong></span> <span class='ocrx_word' id='word_1_126' title='bbox 1345 1735 1668 1821; x_wconf 84' lang='grc' dir='ltr'><strong><em>μίμνομεν</em></strong></span> <span class='ocrx_word' id='word_1_127' title='bbox 1715 1773 1811 1829; x_wconf 11' lang='grc' dir='ltr'>-Ὓ</span> <span class='ocrx_word' id='word_1_128' title='bbox 1841 1735 1998 1825; x_wconf 81' lang='grc' dir='ltr'><strong><em>παρ’</em></strong></span> <span class='ocrx_word' id='word_1_129' title='bbox 2050 1731 2391 1823; x_wconf 83' lang='grc' dir='ltr'><strong><em>ἀλλήλοισι</em></strong></span> <span class='ocrx_word' id='word_1_130' title='bbox 2426 1727 2553 1821; x_wconf 56' lang='grc' dir='ltr'><strong><em>’μέ-</em></strong></span> 
     </span>
     <span class='ocr_line' id='line_1_15' title="bbox 303 1835 2554 1928; baseline -0.001 -21"><span class='ocrx_word' id='word_1_131' title='bbox 303 1863 521 1917; x_wconf 76' lang='grc' dir='ltr'><strong><em>νοντες</em></strong></span> <span class='ocrx_word' id='word_1_132' title='bbox 570 1839 758 1906; x_wconf 90' lang='lat' dir='ltr'>XVII</span> <span class='ocrx_word' id='word_1_133' title='bbox 802 1840 944 1922; x_wconf 88' lang='grc'><strong>721,</strong></span> <span class='ocrx_word' id='word_1_134' title='bbox 994 1835 1313 1928; x_wconf 77' lang='grc' dir='ltr'><strong><em>ἠντήσατε</em></strong></span> <span class='ocrx_word' id='word_1_135' title='bbox 1358 1842 1557 1925; x_wconf 74' lang='grc' dir='ltr'><strong><em>δεῦρο</em></strong></span> <span class='ocrx_word' id='word_1_136' title='bbox 1600 1835 1920 1923; x_wconf 83' lang='grc' dir='ltr'><strong><em>μολόντες</em></strong></span> <span class='ocrx_word' id='word_1_137' title='bbox 1964 1839 2081 1907; x_wconf 88' lang='lat' dir='ltr'>Od.</span> <span class='ocrx_word' id='word_1_138' title='bbox 2124 1840 2225 1905; x_wconf 93' lang='lat' dir='ltr'>III</span> <span class='ocrx_word' id='word_1_139' title='bbox 2267 1838 2370 1920; x_wconf 87' lang='grc'>44,</span> <span class='ocrx_word' id='word_1_140' title='bbox 2414 1840 2554 1922; x_wconf 88' lang='lat' dir='ltr'>qui-</span> 
     </span>
     <span class='ocr_line' id='line_1_16' title="bbox 303 1938 2550 2026; baseline 0.001 -19"><span class='ocrx_word' id='word_1_141' title='bbox 303 1941 425 2007; x_wconf 89' lang='lat' dir='ltr'>bus</span> <span class='ocrx_word' id='word_1_142' title='bbox 469 1942 624 2008; x_wconf 92' lang='lat' dir='ltr'>locis</span> <span class='ocrx_word' id='word_1_143' title='bbox 671 1944 961 2011; x_wconf 88' lang='lat' dir='ltr'>omnibus</span> <span class='ocrx_word' id='word_1_144' title='bbox 1007 1945 1170 2010; x_wconf 84' lang='lat' dir='ltr'>duae</span> <span class='ocrx_word' id='word_1_145' title='bbox 1216 1942 1651 2026; x_wconf 87' lang='lat' dir='ltr'>significantur</span> <span class='ocrx_word' id='word_1_146' title='bbox 1691 1961 2021 2026; x_wconf 83' lang='lat' dir='ltr'>personae,</span> <span class='ocrx_word' id='word_1_147' title='bbox 2065 1943 2384 2025; x_wconf 89' lang='lat' dir='ltr'>plerisque</span> <span class='ocrx_word' id='word_1_148' title='bbox 2429 1938 2550 2009; x_wconf 81' lang='grc' dir='ltr'><strong><em>δύο</em></strong></span> 
     </span>
     <span class='ocr_line' id='line_1_17' title="bbox 303 2040 2552 2133; baseline 0.001 -22"><span class='ocrx_word' id='word_1_149' title='bbox 303 2046 404 2112; x_wconf 86' lang='lat' dir='ltr'>vel</span> <span class='ocrx_word' id='word_1_150' title='bbox 451 2040 659 2133; x_wconf 77' lang='grc' dir='ltr'><strong><em>ι’ίμφω</em></strong></span> <span class='ocrx_word' id='word_1_151' title='bbox 707 2048 1022 2114; x_wconf 90' lang='lat' dir='ltr'>adiectum</span> <span class='ocrx_word' id='word_1_152' title='bbox 1066 2053 1181 2114; x_wconf 90' lang='lat' dir='ltr'>est.</span> <span class='ocrx_word' id='word_1_153' title='bbox 1270 2047 1497 2131; x_wconf 43' lang='lat' dir='ltr'>Neque,</span> <span class='ocrx_word' id='word_1_154' title='bbox 1537 2049 1723 2114; x_wconf 88' lang='lat' dir='ltr'>aliter</span> <span class='ocrx_word' id='word_1_155' title='bbox 1766 2048 1926 2113; x_wconf 81' lang='lat' dir='ltr'>dixit</span> <span class='ocrx_word' id='word_1_156' title='bbox 1947 2047 2314 2128; x_wconf 87' lang='lat' dir='ltr'>Apollonius</span> <span class='ocrx_word' id='word_1_157' title='bbox 2358 2046 2388 2112; x_wconf 91' lang='lat'>1</span> <span class='ocrx_word' id='word_1_158' title='bbox 2429 2046 2552 2113; x_wconf 83' lang='lat'>752</span> 
     </span>
     <span class='ocr_line' id='line_1_18' title="bbox 308 2147 2553 2239; baseline -0 -23"><span class='ocrx_word' id='word_1_159' title='bbox 308 2147 448 2216; x_wconf 72' lang='grc' dir='ltr'>δύω</span> <span class='ocrx_word' id='word_1_160' title='bbox 495 2148 731 2237; x_wconf 78' lang='grc' dir='ltr'><strong><em>δίφροι</em></strong></span> <span class='ocrx_word' id='word_1_161' title='bbox 779 2148 1168 2237; x_wconf 84' lang='grc' dir='ltr'><strong><em>πεπονήατο</em></strong></span> <span class='ocrx_word' id='word_1_162' title='bbox 1218 2147 1633 2239; x_wconf 81' lang='grc' dir='ltr'><strong><em>δηριόωντες.</em></strong></span> <span class='ocrx_word' id='word_1_163' title='bbox 1724 2151 1963 2217; x_wconf 83' lang='lat' dir='ltr'>Verum</span> <span class='ocrx_word' id='word_1_164' title='bbox 2024 2155 2240 2216; x_wconf 82' lang='lat' dir='ltr'>tamen</span> <span class='ocrx_word' id='word_1_165' title='bbox 2283 2150 2553 2215; x_wconf 77' lang='lat' dir='ltr'>multum</span> 
     </span>
     <span class='ocr_line' id='line_1_19' title="bbox 302 2252 2552 2337; baseline 0 -20"><span class='ocrx_word' id='word_1_166' title='bbox 302 2252 519 2333; x_wconf 81' lang='lat' dir='ltr'>abest,</span> <span class='ocrx_word' id='word_1_167' title='bbox 575 2258 649 2319; x_wconf 89' lang='lat' dir='ltr'>ut</span> <span class='ocrx_word' id='word_1_168' title='bbox 691 2254 849 2320; x_wconf 87' lang='lat' dir='ltr'>haec</span> <span class='ocrx_word' id='word_1_169' title='bbox 892 2255 1183 2337; x_wconf 87' lang='lat' dir='ltr'>analogia</span> <span class='ocrx_word' id='word_1_170' title='bbox 1224 2258 1533 2335; x_wconf 88' lang='lat' dir='ltr'>perpetuo</span> <span class='ocrx_word' id='word_1_171' title='bbox 1577 2259 1881 2320; x_wconf 86' lang='lat' dir='ltr'>servetur.</span> <span class='ocrx_word' id='word_1_172' title='bbox 1967 2253 2134 2319; x_wconf 88' lang='lat' dir='ltr'>Nam</span> <span class='ocrx_word' id='word_1_173' title='bbox 2175 2252 2371 2320; x_wconf 82' lang='lat' dir='ltr'>verbo</span> <span class='ocrx_word' id='word_1_174' title='bbox 2412 2253 2552 2336; x_wconf 90' lang='lat' dir='ltr'>plu-</span> 
     </span>
     <span class='ocr_line' id='line_1_20' title="bbox 301 2354 2553 2443; baseline 0.001 -23"><span class='ocrx_word' id='word_1_175' title='bbox 301 2356 425 2421; x_wconf 87' lang='lat' dir='ltr'>rali</span> <span class='ocrx_word' id='word_1_176' title='bbox 468 2354 834 2439; x_wconf 83' lang='lat' dir='ltr'>frequenter</span> <span class='ocrx_word' id='word_1_177' title='bbox 876 2359 1159 2440; x_wconf 85' lang='lat' dir='ltr'>iungitur</span> <span class='ocrx_word' id='word_1_178' title='bbox 1178 2356 1582 2439; x_wconf 83' lang='lat' dir='ltr'>participium</span> <span class='ocrx_word' id='word_1_179' title='bbox 1605 2357 1868 2423; x_wconf 87' lang='lat' dir='ltr'>alterius</span> <span class='ocrx_word' id='word_1_180' title='bbox 1889 2357 2164 2423; x_wconf 88' lang='lat' dir='ltr'>numeri:</span> <span class='ocrx_word' id='word_1_181' title='bbox 2211 2356 2553 2443; x_wconf 78' lang='grc' dir='ltr'><strong><em>διέτμαγεν</em></strong></span> 
     </span>
     <span class='ocr_line' id='line_1_21' title="bbox 304 2448 2550 2549; baseline 0.001 -23"><span class='ocrx_word' id='word_1_182' title='bbox 304 2453 735 2547; x_wconf 86' lang='grc' dir='ltr'><strong><em>ἀρθμήσαντε</em></strong></span> <span class='ocrx_word' id='word_1_183' title='bbox 778 2461 852 2528; x_wconf 93' lang='lat' dir='ltr'>Il.</span> <span class='ocrx_word' id='word_1_184' title='bbox 897 2461 1022 2528; x_wconf 92' lang='lat' dir='ltr'>VII</span> <span class='ocrx_word' id='word_1_185' title='bbox 1065 2460 1209 2542; x_wconf 83' lang='lat'><strong>302,</strong></span> <span class='ocrx_word' id='word_1_186' title='bbox 1257 2454 1719 2549; x_wconf 75' lang='grc' dir='ltr'><strong><em>ἀμφιβαλόντε</em></strong></span> <span class='ocrx_word' id='word_1_187' title='bbox 1765 2456 2095 2548; x_wconf 75' lang='grc' dir='ltr'><strong><em>ἀλλήλους</em></strong></span> <span class='ocrx_word' id='word_1_188' title='bbox 2133 2448 2550 2544; x_wconf 78' lang='grc' dir='ltr'><strong><em>τεταρπώμε-</em></strong></span> 
     </span>
     <span class='ocr_line' id='line_1_22' title="bbox 305 2558 2552 2651; baseline -0.001 -20"><span class='ocrx_word' id='word_1_189' title='bbox 305 2570 446 2631; x_wconf 87' lang='grc' dir='ltr'>σθα</span> <span class='ocrx_word' id='word_1_190' title='bbox 491 2561 680 2649; x_wconf 80' lang='grc' dir='ltr'><strong><em>γόοιο</em></strong></span> <span class='ocrx_word' id='word_1_191' title='bbox 703 2565 926 2631; x_wconf 87' lang='lat' dir='ltr'>XXIII</span> <span class='ocrx_word' id='word_1_192' title='bbox 967 2565 1070 2646; x_wconf 84' lang='lat'>97,</span> <span class='ocrx_word' id='word_1_193' title='bbox 1116 2563 1209 2630; x_wconf 80' lang='grc' dir='ltr'><em>τώ</em></span> <span class='ocrx_word' id='word_1_194' title='bbox 1255 2564 1328 2631; x_wconf 75' lang='grc' dir='ltr'>δὲ</span> <span class='ocrx_word' id='word_1_195' title='bbox 1369 2559 1656 2646; x_wconf 85' lang='grc' dir='ltr'><strong><em>βαλόντε</em></strong></span> <span class='ocrx_word' id='word_1_196' title='bbox 1702 2558 1892 2651; x_wconf 75' lang='grc' dir='ltr'><strong><em>ῥίμφ’</em></strong></span> <span class='ocrx_word' id='word_1_197' title='bbox 1942 2562 2179 2651; x_wconf 68' lang='grc' dir='ltr'><strong><em>ἔφερον</em></strong></span> <span class='ocrx_word' id='word_1_198' title='bbox 2201 2564 2387 2630; x_wconf 90' lang='lat' dir='ltr'>XVII</span> <span class='ocrx_word' id='word_1_199' title='bbox 2406 2563 2552 2645; x_wconf 89' lang='grc'><strong>457,</strong></span> 
     </span>
     <span class='ocr_line' id='line_1_23' title="bbox 297 2661 2551 2757; baseline 0 -24"><span class='ocrx_word' id='word_1_200' title='bbox 297 2661 481 2755; x_wconf 55' lang='lat' dir='ltr'>&amp;quoa</span> <span class='ocrx_word' id='word_1_201' title='bbox 525 2669 787 2753; x_wconf 80' lang='grc' dir='ltr'><strong><em>μιγέντε</em></strong></span> <span class='ocrx_word' id='word_1_202' title='bbox 835 2706 908 2717; x_wconf 91' lang='lat'>·-—</span> <span class='ocrx_word' id='word_1_203' title='bbox 963 2666 1392 2750; x_wconf 78' lang='grc' dir='ltr'><strong><em>πεποίθομεν</em></strong></span> <span class='ocrx_word' id='word_1_204' title='bbox 1440 2662 1785 2754; x_wconf 82' lang='grc' dir='ltr'><strong><em>ἀλλήλοισι</em></strong></span> <span class='ocrx_word' id='word_1_205' title='bbox 1853 2666 1968 2732; x_wconf 90' lang='lat' dir='ltr'>Od.</span> <span class='ocrx_word' id='word_1_206' title='bbox 2013 2666 2074 2731; x_wconf 92' lang='lat' dir='ltr'>X</span> <span class='ocrx_word' id='word_1_207' title='bbox 2118 2663 2264 2747; x_wconf 90' lang='grc'><strong>334,</strong></span> <span class='ocrx_word' id='word_1_208' title='bbox 2309 2672 2376 2757; x_wconf 82' lang='lat' dir='ltr'>et</span> <span class='ocrx_word' id='word_1_209' title='bbox 2416 2685 2551 2732; x_wconf 88' lang='lat' dir='ltr'>ma-</span> 
     </span>
     <span class='ocr_line' id='line_1_24' title="bbox 299 2765 2551 2856; baseline -0.001 -18"><span class='ocrx_word' id='word_1_210' title='bbox 299 2771 476 2837; x_wconf 83' lang='lat' dir='ltr'>xime</span> <span class='ocrx_word' id='word_1_211' title='bbox 513 2772 580 2837; x_wconf 91' lang='lat' dir='ltr'>in</span> <span class='ocrx_word' id='word_1_212' title='bbox 623 2772 962 2855; x_wconf 83' lang='lat' dir='ltr'>postremis</span> <span class='ocrx_word' id='word_1_213' title='bbox 986 2771 1308 2854; x_wconf 83' lang='lat' dir='ltr'>Odysseae</span> <span class='ocrx_word' id='word_1_214' title='bbox 1352 2770 1563 2837; x_wconf 88' lang='lat' dir='ltr'>libris:</span> <span class='ocrx_word' id='word_1_215' title='bbox 1609 2771 1702 2835; x_wconf 78' lang='grc' dir='ltr'>τώ</span> <span class='ocrx_word' id='word_1_216' title='bbox 1749 2765 1805 2837; x_wconf 76' lang='grc' dir='ltr'>δ’</span> <span class='ocrx_word' id='word_1_217' title='bbox 1856 2768 2062 2836; x_wconf 65' lang='grc' dir='ltr'><strong><em>ἔσται)</em></strong></span> <span class='ocrx_word' id='word_1_218' title='bbox 2098 2767 2288 2856; x_wconf 78' lang='grc' dir='ltr'><strong><em>παρὰ</em></strong></span> <span class='ocrx_word' id='word_1_219' title='bbox 2335 2775 2551 2837; x_wconf 80' lang='grc' dir='ltr'><strong><em>σταθ-</em></strong></span> 
     </span>
     <span class='ocr_line' id='line_1_25' title="bbox 297 2869 2544 2962; baseline -0 -23"><span class='ocrx_word' id='word_1_220' title='bbox 297 2879 491 2958; x_wconf 84' lang='grc' dir='ltr'><strong><em>μοῖσι</em></strong></span> <span class='ocrx_word' id='word_1_221' title='bbox 534 2875 791 2958; x_wconf 75' lang='grc' dir='ltr'><strong><em>μένοντε</em></strong></span> <span class='ocrx_word' id='word_1_222' title='bbox 828 2874 1017 2940; x_wconf 89' lang='grc' dir='ltr'>ΧΧΙΙ</span> <span class='ocrx_word' id='word_1_223' title='bbox 1045 2875 1183 2956; x_wconf 89' lang='grc'><strong>181,</strong></span> <span class='ocrx_word' id='word_1_224' title='bbox 1231 2873 1322 2940; x_wconf 79' lang='grc' dir='ltr'>τώ</span> <span class='ocrx_word' id='word_1_225' title='bbox 1371 2869 1427 2939; x_wconf 72' lang='grc' dir='ltr'>δ’</span> <span class='ocrx_word' id='word_1_226' title='bbox 1481 2872 1627 2940; x_wconf 80' lang='grc' dir='ltr'><strong><em>ἐπεὶ</em></strong></span> <span class='ocrx_word' id='word_1_227' title='bbox 1673 2869 2092 2962; x_wconf 76' lang='grc' dir='ltr'><strong><em>ἐφράσσαντο</em></strong></span> <span class='ocrx_word' id='word_1_228' title='bbox 2123 2910 2195 2920; x_wconf 91' lang='grc'>-</span> <span class='ocrx_word' id='word_1_229' title='bbox 2225 2874 2452 2939; x_wconf 81' lang='grc' dir='ltr'><strong><em>κλαῖον</em></strong></span> <span class='ocrx_word' id='word_1_230' title='bbox 2478 2911 2544 2925; x_wconf 86' lang='lat'>—-</span> 
     </span>
     <span class='ocr_line' id='line_1_26' title="bbox 295 2971 2607 3066; baseline -0.002 -21"><span class='ocrx_word' id='word_1_231' title='bbox 295 2983 478 3066; x_wconf 84' lang='grc' dir='ltr'><strong><em>χεῖρε</em></strong></span> <span class='ocrx_word' id='word_1_232' title='bbox 518 2975 797 3061; x_wconf 84' lang='grc' dir='ltr'><strong><em>βαλόντε</em></strong></span> <span class='ocrx_word' id='word_1_233' title='bbox 839 2977 995 3043; x_wconf 92' lang='lat' dir='ltr'>XXI</span> <span class='ocrx_word' id='word_1_234' title='bbox 1039 2977 1183 3058; x_wconf 88' lang='grc'><strong>223,</strong></span> <span class='ocrx_word' id='word_1_235' title='bbox 1230 2974 1417 3064; x_wconf 72' lang='grc' dir='ltr'><strong><em>ὕπνῳ</em></strong></span> <span class='ocrx_word' id='word_1_236' title='bbox 1464 2971 1890 3061; x_wconf 74' lang='grc' dir='ltr'><strong><em>ταρπώμεθα</em></strong></span> <span class='ocrx_word' id='word_1_237' title='bbox 1917 2975 2309 3063; x_wconf 72' lang='grc' dir='ltr'><strong><em>κοιμηθέντε</em></strong></span> <span class='ocrx_word' id='word_1_238' title='bbox 2333 2976 2554 3043; x_wconf 90' lang='lat' dir='ltr'>XXIII</span> <span class='ocrx_word' id='word_1_239' title='bbox 2602 3011 2607 3016; x_wconf 95' lang='lat'><strong>·</strong></span> 
     </span>
     <span class='ocr_line' id='line_1_27' title="bbox 298 3078 2554 3162; baseline 0 -16"><span class='ocrx_word' id='word_1_240' title='bbox 298 3080 450 3146; x_wconf 82' lang='lat'><strong>255.</strong></span> <span class='ocrx_word' id='word_1_241' title='bbox 536 3080 630 3148; x_wconf 90' lang='lat' dir='ltr'>Ac</span> <span class='ocrx_word' id='word_1_242' title='bbox 673 3099 896 3147; x_wconf 87' lang='lat' dir='ltr'>rursus</span> <span class='ocrx_word' id='word_1_243' title='bbox 940 3080 1133 3147; x_wconf 86' lang='lat' dir='ltr'>verbo</span> <span class='ocrx_word' id='word_1_244' title='bbox 1199 3080 1376 3145; x_wconf 84' lang='lat' dir='ltr'>duali</span> <span class='ocrx_word' id='word_1_245' title='bbox 1434 3079 1740 3162; x_wconf 87' lang='lat' dir='ltr'>applicari</span> <span class='ocrx_word' id='word_1_246' title='bbox 1803 3078 2088 3145; x_wconf 90' lang='lat' dir='ltr'>videmus</span> <span class='ocrx_word' id='word_1_247' title='bbox 2152 3080 2554 3162; x_wconf 85' lang='lat' dir='ltr'>participium</span> 
     </span>
     <span class='ocr_line' id='line_1_28' title="bbox 299 3178 2553 3272; baseline 0 -23"><span class='ocrx_word' id='word_1_248' title='bbox 299 3184 575 3266; x_wconf 82' lang='lat' dir='ltr'>plurale:</span> <span class='ocrx_word' id='word_1_249' title='bbox 623 3184 1005 3270; x_wconf 76' lang='grc' dir='ltr'><strong><em>τερπέσθην</em></strong></span> <span class='ocrx_word' id='word_1_250' title='bbox 1048 3178 1358 3272; x_wconf 86' lang='grc' dir='ltr'><strong><em>φιλότητι</em></strong></span> <span class='ocrx_word' id='word_1_251' title='bbox 1403 3178 1558 3268; x_wconf 77' lang='grc' dir='ltr'><strong><em>παρ’</em></strong></span> <span class='ocrx_word' id='word_1_252' title='bbox 1610 3178 1961 3269; x_wconf 83' lang='grc' dir='ltr'><strong><em>ἀλλήλοισι</em></strong></span> <span class='ocrx_word' id='word_1_253' title='bbox 2006 3183 2317 3265; x_wconf 82' lang='grc' dir='ltr'><strong><em>μένοντες</em></strong></span> <span class='ocrx_word' id='word_1_254' title='bbox 2345 3180 2462 3247; x_wconf 82' lang='lat' dir='ltr'>Od.</span> <span class='ocrx_word' id='word_1_255' title='bbox 2494 3183 2553 3249; x_wconf 90' lang='lat' dir='ltr'><strong>V</strong></span> 
     </span>
     <span class='ocr_line' id='line_1_29' title="bbox 300 3278 2552 3376; baseline -0.002 -23"><span class='ocrx_word' id='word_1_256' title='bbox 300 3286 446 3368; x_wconf 85' lang='grc'><strong>227,</strong></span> <span class='ocrx_word' id='word_1_257' title='bbox 515 3288 721 3376; x_wconf 84' lang='grc' dir='ltr'><strong><em>κῆρυξ</em></strong></span> <span class='ocrx_word' id='word_1_258' title='bbox 780 3287 892 3353; x_wconf 80' lang='grc' dir='ltr'>καὶ</span> <span class='ocrx_word' id='word_1_259' title='bbox 938 3284 1255 3374; x_wconf 83' lang='grc' dir='ltr'><strong><em>Πρίαμος</em></strong></span> <span class='ocrx_word' id='word_1_260' title='bbox 1303 3325 1375 3336; x_wconf 91' lang='lat'>—-</span> <span class='ocrx_word' id='word_1_261' title='bbox 1430 3282 1839 3373; x_wconf 74' lang='grc' dir='ltr'><strong><em>ζευγνύσθην</em></strong></span> <span class='ocrx_word' id='word_1_262' title='bbox 1902 3278 2088 3369; x_wconf 75' lang='grc' dir='ltr'><strong><em>μήδε’</em></strong></span> <span class='ocrx_word' id='word_1_263' title='bbox 2159 3281 2416 3365; x_wconf 78' lang='grc' dir='ltr'><strong><em>ἔχοντες</em></strong></span> <span class='ocrx_word' id='word_1_264' title='bbox 2479 3284 2552 3349; x_wconf 89' lang='lat' dir='ltr'>Il.</span> 
     </span>
     <span class='ocr_line' id='line_1_30' title="bbox 302 3386 2549 3468; baseline -0.002 -12"><span class='ocrx_word' id='word_1_265' title='bbox 302 3390 515 3457; x_wconf 91' lang='lat' dir='ltr'>XXIV</span> <span class='ocrx_word' id='word_1_266' title='bbox 559 3390 704 3457; x_wconf 83' lang='lat'><strong>282.</strong></span> <span class='ocrx_word' id='word_1_267' title='bbox 793 3390 898 3455; x_wconf 90' lang='lat' dir='ltr'>Ad</span> <span class='ocrx_word' id='word_1_268' title='bbox 936 3390 1098 3456; x_wconf 87' lang='lat' dir='ltr'>hanc</span> <span class='ocrx_word' id='word_1_269' title='bbox 1140 3396 1356 3457; x_wconf 88' lang='lat' dir='ltr'>autem</span> <span class='ocrx_word' id='word_1_270' title='bbox 1419 3406 1829 3455; x_wconf 88' lang='lat' dir='ltr'>numerorum</span> <span class='ocrx_word' id='word_1_271' title='bbox 1895 3386 2380 3468; x_wconf 86' lang='lat' dir='ltr'>disparilitatem</span> <span class='ocrx_word' id='word_1_272' title='bbox 2441 3405 2549 3452; x_wconf 86' lang='lat' dir='ltr'>ve-</span> 
     </span>
     <span class='ocr_line' id='line_1_31' title="bbox 297 3487 2550 3572; baseline -0 -13"><span class='ocrx_word' id='word_1_273' title='bbox 297 3499 511 3560; x_wconf 88' lang='lat' dir='ltr'>terum</span> <span class='ocrx_word' id='word_1_274' title='bbox 537 3494 897 3560; x_wconf 88' lang='lat' dir='ltr'>criticorum</span> <span class='ocrx_word' id='word_1_275' title='bbox 919 3494 1249 3559; x_wconf 88' lang='lat' dir='ltr'>nonnullos</span> <span class='ocrx_word' id='word_1_276' title='bbox 1273 3487 1682 3559; x_wconf 85' lang='lat' dir='ltr'>offensionem</span> <span class='ocrx_word' id='word_1_277' title='bbox 1702 3490 2020 3571; x_wconf 86' lang='lat' dir='ltr'>habuisse,</span> <span class='ocrx_word' id='word_1_278' title='bbox 2034 3488 2345 3555; x_wconf 82' lang='lat' dir='ltr'>indicium</span> <span class='ocrx_word' id='word_1_279' title='bbox 2365 3506 2550 3572; x_wconf 84' lang='lat' dir='ltr'>prae-</span> 
     </span>
     <span class='ocr_line' id='line_1_32' title="bbox 295 3595 2550 3678; baseline -0.001 -16"><span class='ocrx_word' id='word_1_280' title='bbox 295 3596 458 3662; x_wconf 90' lang='lat' dir='ltr'>bent</span> <span class='ocrx_word' id='word_1_281' title='bbox 500 3598 813 3678; x_wconf 87' lang='lat' dir='ltr'>quaedam</span> <span class='ocrx_word' id='word_1_282' title='bbox 837 3596 1318 3662; x_wconf 88' lang='lat' dir='ltr'>scholiastarum</span> <span class='ocrx_word' id='word_1_283' title='bbox 1341 3595 1781 3661; x_wconf 85' lang='lat' dir='ltr'>adnotationes</span> <span class='ocrx_word' id='word_1_284' title='bbox 1805 3598 2156 3675; x_wconf 88' lang='lat' dir='ltr'>opportune</span> <span class='ocrx_word' id='word_1_285' title='bbox 2186 3598 2550 3660; x_wconf 83' lang='lat' dir='ltr'>asservatae</span> 
     </span>
     <span class='ocr_line' id='line_1_33' title="bbox 299 3696 2550 3780; baseline -0.001 -15"><span class='ocrx_word' id='word_1_286' title='bbox 299 3703 370 3765; x_wconf 90' lang='lat' dir='ltr'>et</span> <span class='ocrx_word' id='word_1_287' title='bbox 415 3699 840 3764; x_wconf 86' lang='lat' dir='ltr'>dissensiones</span> <span class='ocrx_word' id='word_1_288' title='bbox 886 3700 1197 3780; x_wconf 82' lang='lat' dir='ltr'>codicum3</span> <span class='ocrx_word' id='word_1_289' title='bbox 1242 3716 1363 3764; x_wconf 89' lang='lat' dir='ltr'>nec</span> <span class='ocrx_word' id='word_1_290' title='bbox 1405 3698 1593 3764; x_wconf 88' lang='lat' dir='ltr'>hodie</span> <span class='ocrx_word' id='word_1_291' title='bbox 1646 3699 1725 3764; x_wconf 89' lang='lat' dir='ltr'>de</span> <span class='ocrx_word' id='word_1_292' title='bbox 1748 3696 2038 3763; x_wconf 88' lang='lat' dir='ltr'>omnibus</span> <span class='ocrx_word' id='word_1_293' title='bbox 2064 3698 2220 3763; x_wconf 87' lang='lat' dir='ltr'>satis</span> <span class='ocrx_word' id='word_1_294' title='bbox 2243 3698 2550 3764; x_wconf 86' lang='lat' dir='ltr'>convenit.</span> 
     </span>
     <span class='ocr_line' id='line_1_34' title="bbox 298 3800 2549 3885; baseline 0 -19"><span class='ocrx_word' id='word_1_295' title='bbox 298 3801 400 3867; x_wconf 91' lang='lat' dir='ltr'>De</span> <span class='ocrx_word' id='word_1_296' title='bbox 442 3800 568 3866; x_wconf 91' lang='lat' dir='ltr'>illis</span> <span class='ocrx_word' id='word_1_297' title='bbox 613 3800 946 3881; x_wconf 88' lang='lat' dir='ltr'>aliquoties</span> <span class='ocrx_word' id='word_1_298' title='bbox 989 3802 1300 3883; x_wconf 80' lang='lat' dir='ltr'>loquutus</span> <span class='ocrx_word' id='word_1_299' title='bbox 1345 3806 1464 3867; x_wconf 65' lang='lat' dir='ltr'>est‘</span> <span class='ocrx_word' id='word_1_300' title='bbox 1488 3801 1814 3885; x_wconf 71' lang='lat' dir='ltr'>Didymus</span> <span class='ocrx_word' id='word_1_301' title='bbox 1903 3800 2002 3866; x_wconf 90' lang='lat' dir='ltr'>Ab</span> <span class='ocrx_word' id='word_1_302' title='bbox 2069 3800 2188 3866; x_wconf 89' lang='lat' dir='ltr'>hoc</span> <span class='ocrx_word' id='word_1_303' title='bbox 2234 3800 2549 3883; x_wconf 74' lang='lat' dir='ltr'>discimuS,</span> 
     </span>
     <span class='ocr_line' id='line_1_35' title="bbox 297 3897 2553 3990; baseline 0.001 -20"><span class='ocrx_word' id='word_1_304' title='bbox 297 3905 369 3970; x_wconf 89' lang='lat' dir='ltr'>in</span> <span class='ocrx_word' id='word_1_305' title='bbox 409 3904 520 3970; x_wconf 89' lang='lat' dir='ltr'>illo</span> <span class='ocrx_word' id='word_1_306' title='bbox 563 3903 782 3969; x_wconf 80' lang='lat' dir='ltr'>Iliadis</span> <span class='ocrx_word' id='word_1_307' title='bbox 847 3904 983 3970; x_wconf 86' lang='lat' dir='ltr'>loco</span> <span class='ocrx_word' id='word_1_308' title='bbox 1050 3897 1168 3989; x_wconf 78' lang='grc' dir='ltr'><strong><em>ἶίγε</em></strong></span> <span class='ocrx_word' id='word_1_309' title='bbox 1215 3906 1509 3990; x_wconf 81' lang='grc' dir='ltr'><strong><em>στέωμεν</em></strong></span> <span class='ocrx_word' id='word_1_310' title='bbox 1553 3906 1667 3971; x_wconf 78' lang='grc' dir='ltr'>καὶ</span> <span class='ocrx_word' id='word_1_311' title='bbox 1733 3899 2181 3987; x_wconf 78' lang='grc' dir='ltr'><strong><em>ἀλεξώμεσθα</em></strong></span> <span class='ocrx_word' id='word_1_312' title='bbox 2244 3902 2553 3988; x_wconf 79' lang='grc' dir='ltr'><strong><em>μένοντες</em></strong></span> 
     </span>
     <span class='ocr_line' id='line_1_36' title="bbox 301 4005 2547 4091; baseline 0 -19"><span class='ocrx_word' id='word_1_313' title='bbox 301 4007 695 4073; x_wconf 90' lang='lat' dir='ltr'>Zenodotum</span> <span class='ocrx_word' id='word_1_314' title='bbox 741 4007 1068 4089; x_wconf 87' lang='lat' dir='ltr'>scripsisse</span> <span class='ocrx_word' id='word_1_315' title='bbox 1117 4010 1356 4085; x_wconf 79' lang='grc' dir='ltr'><strong><em>δυϊκῶς</em></strong></span> <span class='ocrx_word' id='word_1_316' title='bbox 1418 4005 1613 4091; x_wconf 80' lang='grc' dir='ltr'><strong><em>μένο</em></strong></span> <span class='ocrx_word' id='word_1_317' title='bbox 1631 4031 1777 4075; x_wconf 81' lang='grc' dir='ltr'><strong><em>ντε.</em></strong></span> <span class='ocrx_word' id='word_1_318' title='bbox 1870 4005 1973 4074; x_wconf 89' lang='lat' dir='ltr'>Sic</span> <span class='ocrx_word' id='word_1_319' title='bbox 2017 4012 2232 4073; x_wconf 89' lang='lat' dir='ltr'>autem</span> <span class='ocrx_word' id='word_1_320' title='bbox 2278 4010 2547 4090; x_wconf 87' lang='lat' dir='ltr'>scripsit,</span> 
     </span>
    </p>

    <p class='ocr_par' dir='ltr' id='par_1_3' title="bbox 300 4096 2640 4404">
     <span class='ocr_line' id='line_1_37' title="bbox 303 4096 2607 4192; baseline 0 -17"><span class='ocrx_word' id='word_1_321' title='bbox 303 4128 432 4175; x_wconf 91' lang='lat' dir='ltr'>non</span> <span class='ocrx_word' id='word_1_322' title='bbox 473 4128 597 4191; x_wconf 87' lang='lat' dir='ltr'>quo</span> <span class='ocrx_word' id='word_1_323' title='bbox 643 4109 894 4191; x_wconf 84' lang='lat' dir='ltr'>dualem</span> <span class='ocrx_word' id='word_1_324' title='bbox 918 4115 1175 4192; x_wconf 87' lang='lat' dir='ltr'>putaret</span> <span class='ocrx_word' id='word_1_325' title='bbox 1196 4111 1400 4177; x_wconf 90' lang='lat' dir='ltr'>solum</span> <span class='ocrx_word' id='word_1_326' title='bbox 1444 4109 1524 4175; x_wconf 90' lang='lat' dir='ltr'>de</span> <span class='ocrx_word' id='word_1_327' title='bbox 1556 4109 1800 4175; x_wconf 90' lang='lat' dir='ltr'>duobus</span> <span class='ocrx_word' id='word_1_328' title='bbox 1845 4110 1970 4176; x_wconf 92' lang='lat' dir='ltr'>dici</span> <span class='ocrx_word' id='word_1_329' title='bbox 2012 4128 2218 4192; x_wconf 87' lang='lat' dir='ltr'>posse,</span> <span class='ocrx_word' id='word_1_330' title='bbox 2266 4111 2379 4175; x_wconf 89' lang='lat' dir='ltr'>sed</span> <span class='ocrx_word' id='word_1_331' title='bbox 2400 4110 2550 4192; x_wconf 90' lang='lat' dir='ltr'>quia</span> <span class='ocrx_word' id='word_1_332' title='bbox 2600 4096 2607 4103; x_wconf 50' lang='grc'><strong>“</strong></span> 
     </span>
     <span class='ocr_line' id='line_1_38' title="bbox 300 4211 2549 4297; baseline -0.001 -21"><span class='ocrx_word' id='word_1_333' title='bbox 300 4217 532 4279; x_wconf 86' lang='lat' dir='ltr'>natura</span> <span class='ocrx_word' id='word_1_334' title='bbox 573 4212 699 4277; x_wconf 91' lang='lat' dir='ltr'>huc</span> <span class='ocrx_word' id='word_1_335' title='bbox 739 4215 942 4293; x_wconf 87' lang='lat' dir='ltr'>magis</span> <span class='ocrx_word' id='word_1_336' title='bbox 985 4214 1302 4294; x_wconf 87' lang='lat' dir='ltr'>convenit,</span> <span class='ocrx_word' id='word_1_337' title='bbox 1357 4214 1460 4279; x_wconf 86' lang='lat' dir='ltr'>vel</span> <span class='ocrx_word' id='word_1_338' title='bbox 1505 4212 1699 4278; x_wconf 88' lang='lat' dir='ltr'>etiam</span> <span class='ocrx_word' id='word_1_339' title='bbox 1741 4214 1892 4297; x_wconf 89' lang='lat' dir='ltr'>quia</span> <span class='ocrx_word' id='word_1_340' title='bbox 1934 4215 2227 4296; x_wconf 89' lang='lat' dir='ltr'>proprius</span> <span class='ocrx_word' id='word_1_341' title='bbox 2272 4215 2373 4277; x_wconf 86' lang='lat' dir='ltr'>est</span> <span class='ocrx_word' id='word_1_342' title='bbox 2415 4211 2549 4275; x_wconf 91' lang='lat' dir='ltr'>dia—</span> 
     </span>
     <span class='ocr_line' id='line_1_39' title="bbox 306 4314 2640 4404; baseline -0.002 -21"><span class='ocrx_word' id='word_1_343' title='bbox 306 4314 470 4383; x_wconf 84' lang='lat' dir='ltr'>lecto</span> <span class='ocrx_word' id='word_1_344' title='bbox 514 4314 782 4397; x_wconf 87' lang='lat' dir='ltr'>Atticae,</span> <span class='ocrx_word' id='word_1_345' title='bbox 825 4315 1102 4385; x_wconf 86' lang='lat' dir='ltr'>Homero</span> <span class='ocrx_word' id='word_1_346' title='bbox 1136 4317 1377 4393; x_wconf 82' lang='lat' dir='ltr'>seilicet</span> <span class='ocrx_word' id='word_1_347' title='bbox 1416 4316 1715 4385; x_wconf 83' lang='lat' dir='ltr'>familiari</span> <span class='ocrx_word' id='word_1_348' title='bbox 1730 4367 1747 4401; x_wconf 91' lang='lat'><strong>,</strong></span> <span class='ocrx_word' id='word_1_349' title='bbox 1817 4336 1941 4404; x_wconf 90' lang='lat' dir='ltr'>quo</span> <span class='ocrx_word' id='word_1_350' title='bbox 2000 4317 2139 4400; x_wconf 88' lang='lat' dir='ltr'>ipso</span> <span class='ocrx_word' id='word_1_351' title='bbox 2181 4317 2552 4397; x_wconf 84' lang='lat' dir='ltr'>argumento</span> <span class='ocrx_word' id='word_1_352' title='bbox 2631 4370 2640 4377; x_wconf 91' lang='lat'><em>.</em></span> 
     </span>
    </p>
   </div>
  </div>
 </body>
</html>
