2946 4928
452 338 568 406 DE
615 338 1103 421 SYNAERESI,
1147 337 1549 408 DIAERESI
1592 346 1710 407 etc.
1776 341 1845 407 P.
1868 340 1950 407 11.
1996 340 2063 408 G.
2086 341 2136 408 I.
2182 342 2236 427 ς.
2260 343 2318 408 2.
2436 342 2519 409 57

274 504 675 588 grammatici
719 503 883 570 hanc
925 504 1434 584 terminationem
1458 503 1721 571 Graecis
1744 506 2093 587 generatim
2125 505 2520 574 adscribunt:

275 609 713 697 Δημοσθένη,
757 609 1023 694 βασιλῆ,
1070 604 1249 697 πόλη
1296 608 1600 690 Choerob.
1645 608 1791 674 230.
1836 610 1919 674 27
1967 616 2033 674 et
2078 609 2179 674 all.
2224 608 2376 676 loce.
2402 610 2454 693 ⁸)

453 711 886 778 Nominativos
932 712 1381 777 adiectivorum
1424 711 1704 794 plurales
1734 713 1801 778 in
1831 714 1935 789 12}
1972 717 2273 778 exeuntes
2295 717 2521 795 poetae

258 816 442 898 ,epici
491 833 618 879 non
662 814 1044 880 contrahunt
1084 814 1206 879 nisi
1250 819 1453 879 metro
1500 819 1794 896 cogente:
1845 819 2135 903 πρηνεῖς,
2187 815 2520 895 ἐπιδευεῖς

274 921 347 983 et
372 917 561 1000 ‘apud
603 917 874 982 eundem
904 917 1251 982 Homerum
1297 918 1585 1001 πρηνέες,
1631 913 1978 997 ἐπιδευέες.
2049 919 2331 1000 Excepta
2374 924 2525 985 sunt

275 1020 406 1086 duo
453 1020 764 1086 adiectiva
807 1017 1071 1108 νηλιτὴς
1136 1021 1268 1086 sive
1322 1016 1606 1107 νηλητής
1650 1025 1716 1086 et
1761 1017 2080 1108 ἀσκηθής.
2214 1020 2382 1086 Illud
2423 1009 2525 1087 &St

270 1125 346 1189 in
391 1123 675 1188 clausula
719 1127 820 1188 ter
875 1124 1215 1205 repetitum
1260 1122 1369 1188 καὶ
1440 1117 1522 1188 αἳ
1581 1127 1858 1209 νηλειεῖς
1902 1118 2028 1189 εἶσι
2097 1125 2521 1190 contractione

276 1243 752 1308 supervacanea
768 1276 783 1307 ‚
851 1210 1014 1307 quae
1068 1225 1399 1291 nonnullos
1446 1244 1522 1290 eo
1566 1225 1905 1291 adduxisse
1948 1226 2228 1306 videtur,
2293 1232 2368 1292 ut
2412 1231 2524 1292 aut

270 1328 617 1416 νηλίτιδες·
648 1329 997 1395 scriberent
1061 1333 1173 1392 aut
1216 1329 1391 1415 νηλιι
1403 1329 1537 1407 εἐς,
1604 1347 1872 1409 quorum
1915 1328 2074 1394 illud
2116 1329 2183 1393 in
2224 1329 2522 1395 lemmate

196 1512 207 1520 .
273 1431 503 1497 scholii
547 1431 630 1496 ad
674 1430 789 1497 Od.
834 1431 989 1497 XIX
1031 1429 1159 1496 498
1214 1435 1281 1496 et
1341 1431 1407 1495 in
1450 1429 1664 1495 Addit.
1711 1430 1942 1495 Suidae
1995 1449 2044 1496 S.
2090 1428 2385 1519 Νηλιτής
2428 1432 2519 1496 le-

271 1535 467 1616 gitur,
492 1533 765 1610 alterum
789 1534 956 1616 apud
977 1534 1361 1617 Hesychium
1375 1533 1698 1621 Νηλιτέες
1721 1528 2163 1621 ἀναμάρτητοι
2179 1534 2264 1617 *).
2282 1531 2519 1622 'Aom-

154 1648 169 1655 ‘
268 1633 413 1723 θής
457 1636 710 1718 saepius
752 1637 1001 1718 legitur,
1047 1637 1161 1703 sed
1206 1654 1422 1702 casum
1465 1636 1707 1700 nullum
1738 1654 1815 1699 ex
1846 1654 1914 1699 se
1936 1641 2246 1718 propagat
2266 1641 2523 1718 praeter
2639 1683 2648 1692 .

273 1739 738 1805 nominativum
780 1739 1091 1821 pluralem
1136 1739 1331 1804 semel
1376 1740 1653 1820 positum
1674 1738 1740 1802 in
1764 1756 2024 1804 excessu
2045 1757 2294 1804 versus:
2332 1734 2521 1806 ἄσκε-

271 1843 442 1921 θέες
507 1840 618 1907 καὶ
664 1836 936 1908 ἄνουσοι
1000 1861 1117 1923 pro
1161 1835 1522 1928 ἀσκηθέες,
1590 1845 1664 1905 ut
1705 1845 1953 1906 veteres
2020 1845 2339 1918 statuunt,
2405 1859 2522 1924 per

272 1944 578 2026 systolen.
664 1944 762 2010 Ne
806 1945 916 2024 illi,
961 1945 1130 2026 quod
1175 1945 1570 2010 coniecturae
1615 1945 1964 2026 proximum
1998 1947 2154 2023 erat,
2203 1937 2521 2030 ἀσκηθεῖς

276 2048 688 2129 corrigerent,
755 2046 1001 2112 obstitit
1064 2048 1256 2112 trium
1301 2047 1721 2129 spondeorum
1766 2048 2116 2113 antecessio
2162 2047 2359 2133 (νηῶν
2403 2073 2520 2136 πη·

271 2146 508 2238 pois-327
577 2144 799 2234 ank).
885 2149 1151 2216 Wolfius
1219 2145 1551 2237 ἀσκηθέες
1615 2151 1818 2216 suasit
1882 2149 2166 2215 adhibita
2231 2151 2519 2233 synizest
2622 2219 2627 2225 ,

277 2271 474 2335 quam
516 2253 724 2318 reiicit
766 2253 1169 2319 Thierschius
1215 2255 1268 2339 ξ.
1305 2253 1425 2319 193
1469 2274 1530 2335 p.
1575 2253 1718 2319 302.
1808 2252 2000 2335 Origo
2044 2252 2213 2318 vocis
2257 2254 2349 2318 ita
2393 2254 2522 2320 alte

280 2354 578 2421 abstrusa
622 2360 739 2437 est,
782 2360 857 2421 ut
898 2356 964 2421 in
1004 2360 1299 2424 neutram
1342 2364 1592 2439 partem
1636 2356 1979 2438 quidquam
2024 2355 2362 2422 decernere
2407 2375 2519 2421 au-

285 2457 564 2524 deamus.
2106 2467 2114 2480 ·

451 2561 832 2627 Pronomina
873 2561 1232 2643 personalia
1298 2559 1490 2651 ἡμέες
1532 2568 1600 2629 et
1640 2557 1856 2645 ὑμέες,
1927 2579 2091 2642 quae
2158 2562 2307 2627 olim
2351 2563 2521 2644 apud

274 2664 684 2730 Herodotum·
715 2656 1090 2746 legebantur
1133 2665 1218 2749 (v,
1240 2667 1510 2734 Bredov.
1534 2665 1696 2730 Dial.
1732 2664 1883 2730 Her.
1906 2661 2100 2747 282),
2151 2662 2520 2746 Apollonius

273 2767 463 2833 Pron.
514 2766 636 2833 118
677 2785 990 2849 nusquam
1053 2770 1293 2849 reperit
1353 2773 1609 2849 praeter
1652 2767 2061 2833 Parthenium
2115 2764 2254 2832 ἀπὸ
2316 2791 2518 2854 ποιη-
2553 2816 2558 2823 .

278 2873 465 2957 τικῆς
496 2863 745 2956 ᾇδειάς.
766 2908 836 2917 -
861 2869 1408 2936 Substantivorum
1453 2888 1649 2935 unum
1672 2871 2063 2951 disceptatur
2085 2870 2151 2934 in
2181 2868 2253 2933 11.
2277 2867 2371 2933 XI
2400 2866 2513 2934 151

273 2969 512 3051 ἱππεῖς
558 2968 616 3039 δ’
663 2968 944 3059 ἱππῆας,
994 2968 1128 3038 ὑπὸ
1178 2972 1254 3041 δέ
1294 2996 1526 3059 σφισιν
1572 2966 1745 3062 ὦρτο
1791 2969 1999 3060 κονίη,
2047 2972 2215 3054 quod
2235 2971 2519 3054 Heynius

272 3075 522 3141 reiecit:
568 3096 879 3159 ,fflrorsus
922 3074 1197 3138 insolens
1220 3074 1451 3159 forma
1494 3075 1563 3139 in
1597 3088 1787 3161 poeta
1814 3074 2054 3156 IonicO,
2102 3073 2352 3138 debebat
2388 3096 2520 3137 esse

277 3174 528 3266 ἱππῆες
570 3178 670 3241 vel
710 3174 1012 3255 {nnseg‘ss
1103 3177 1271 3242 Illud
1313 3177 1648 3242 Bekkerus
1713 3179 1956 3260 recepit
2020 3178 2254 3243 omissa
2306 3179 2371 3243 in
2420 3195 2518 3243 se-

277 3280 618 3362 quentibus
682 3280 995 3364 particula
1052 3279 1155 3357 δὲ,
1225 3280 1552 3362 vulgatum
1593 3279 1993 3343 retinuerunt
2039 3278 2409 3361 Spitznerus
2454 3285 2521 3344 et

277 3381 662 3450 Dindorfiua
792 3382 1188 3448 Nominativo
1255 3379 1489 3460 ἱππεῖς
1557 3379 1849 3446 subvenit
1899 3381 2165 3446 vocandi
2219 3398 2406 3446 casus
2464 3374 2518 3446 ὦ

275 3486 574 3570 βασιλεῖς
595 3485 852 3551 Hesiod.
891 3483 1049 3566 Opp.
1073 3482 1217 3566 248,
1262 3502 1625 3566 quanquam
1653 3484 1707 3547 is
1752 3501 1999 3566 quoque
2042 3483 2123 3549 ab
2156 3482 2519 3550 Hermanno

279 3590 704 3672 impugnatur.
796 3585 1014 3654 Sermo
1081 3588 1325 3653 solutus
1368 3587 1575 3652 variat
1628 3603 1743 3668 pro
1799 3591 2009 3652 aetate
2075 3586 2518 3667 scribentium3

285 3692 456 3774 apud
513 3692 855 3774 scriptores
911 3691 1118 3756 minus
1166 3691 1491 3771 delicatoS‚
1561 3708 1717 3773 quos
1785 3690 1866 3754 ad
1909 3688 2054 3753 Phr.
2100 3685 2183 3752 69
2228 3686 2516 3769 indicavi,

282 3792 654 3860 offendimus
679 3791 900 3881 ἱερέες,
950 3794 1178 3877 φονέες
1200 3797 1267 3857 et
1295 3793 1674 3859 adjectivum
1705 3789 1966 3881 ἡμισέες
1986 3791 2256 3856 Arriano
2277 3791 2516 3874 tritum,

282 3916 339 3962 V.
382 3896 657 3963 Ellendt.
703 3897 773 3962 T.
818 3897 849 3961 I
894 3895 1039 3962 285.
1149 3894 1326 3961 Haec
1391 3896 1695 3962 diaeresis
1750 3914 1975 3978 parum
2020 3893 2380 3960 defenditur
2421 3900 2517 3960 te-

416 4155 471 4221 3)
507 4158 705 4210 Forma
751 4158 936 4210 nativa
986 4162 1068 4210 est
1095 4151 1393 4227 Ἰσοκράτει
1448 4150 1522 4207 τὼ
1577 4148 1769 4239 ῥήτορε
1803 4155 2005 4210 Theon.
2040 4155 2200 4222 Prog.
2237 4155 2288 4206 V
2321 4169 2372 4220 p.
2410 4148 2517 4204 210

279 4246 336 4295 in
369 4245 523 4297 Walz
559 4244 739 4298 Rhett.
773 4243 838 4297 Τ.
874 4244 916 4297 1.
986 4245 1050 4294 In
1085 4239 1249 4296 πόλεε
1284 4243 1528 4309 Thucyd.
1563 4242 1905 4294 consentiunt
1938 4257 2118 4293 omnes
2155 4240 2380 4296 codices.

415 4330 475 4394 ¹²)
508 4348 558 4383 v.
593 4329 755 4384 Bekk.
791 4329 864 4382 ad
896 4347 939 4381 π
974 4329 1078 4384 317
1112 4330 1257 4383 mih.
1296 4328 1601 4396 vnketud'ec.
1652 4323 1941 4394 Ἀσκηθέες
1973 4326 2107 4378 idom
2141 4327 2171 4385 ξ
2205 4321 2327 4376 255.
