2946 4928
384 1164 519 1248 De
584 1166 1242 1278 orthographiae
1306 1162 1692 1276 Graecae
1754 1169 2349 1250 inconstantia.

1219 1388 1525 1398 μ-

421 1546 471 1640 ς
523 1556 573 1621 1.
662 1524 1077 1623 percensenti
1120 1554 1274 1621 mihi
1315 1554 1496 1620 varia
1536 1554 1649 1622 illa
1672 1556 2136 1630 ‘vocabulorum
2194 1556 2259 1620 111
2324 1557 2497 1636 prin-

261 1658 424 1740 cipio
468 1665 809 1740 augmenta
851 1666 920 1726 et
962 1660 1027 1725 111
1072 1659 1246 1725 exitu
1283 1657 1685 1724 ‘detrimenta
1748 1658 1892 1739 plus
1957 1658 2153 1724 semel
2219 1658 2500 1723 taedium

260 1759 546 1842 obrepsit
587 1764 864 1844 suscepti
883 1762 1120 1828 laboris
1164 1765 1232 1827 et
1276 1764 1640 1828 consumtae
1682 1762 1750 1828 in
1793 1761 1893 1827 his
1936 1760 2220 1826 minutiis
2248 1778 2498 1841 operae,

259 1881 466 1945 neque
508 1882 634 1939 11011
676 1883 927 1947 vereor,
994 1882 1075 1930 ne
1099 1863 1289 1952 „idem
1334 1864 1588 1945 saepius
1645 1864 1947 1931 acciderit
2007 1863 2350 1930 lectoribus
2417 1864 2500 1929 ad

257 1968 732 2048 grammaticam
775 1968 1127 2049 patentiam
1170 1966 1449 2031 nondum
1495 1967 1652 2033 satis
1697 1967 2001 2032 eduratis
2088 1965 2216 2032 Sed
2289 1966 2497 2032 detre-

262 2070 423 2142 ctari
465 2074 681 2136 tamen
722 2070 881 2137 haec
903 2070 1189 2152 quaestio
1231 2087 1358 2134 11011
1391 2070 1624 2150 potuit,
1669 2070 1821 2153 quia
1860 2088 2011 2150 pars
2055 2073 2156 2134 est
2177 2069 2500 2134 doctrinae

257 2171 710 2255 pathologicae‚
753 2172 875 2238 hac
916 2178 1131 2239 autem
1166 2172 1463 2238 universa
1506 2172 1903 2255 technologia
1932 2173 2155 2240 nititur
2196 2177 2500 2269 tanquam

255 2273 678 2341 fundamento.
779 2274 872 2341 Ac
915 2275 971 2340 si
1013 2276 1110 2341 vir
1155 2294 1435 2341 summae
1481 2276 1549 2342 in
1590 2274 1915 2367 republica
1956 2276 2352 2355 auctoritatis
2395 2294 2497 2341 re-

255 2372 533 2461 rumque
564 2378 980 2444 maximarum
1048 2377 1594 2446 administratione
1659 2379 1973 2444 distentus
1987 2428 2002 2458 ,
2071 2380 2152 2459 si,
2220 2379 2494 2460 inquam,

254 2483 549 2549 Valerius
615 2482 893 2548 Messala
957 2499 1230 2562 persona
1299 2500 1424 2573 sua
1497 2500 1622 2548 non
1700 2482 2027 2565 indignum
2101 2482 2349 2564 putavit
2415 2483 2498 2548 de
2536 2517 2557 2522 -

133 2632 140 2641 -
251 2586 439 2651 litera
484 2585 528 2650 S
570 2585 802 2650 librum
829 2584 1665 2667 conscribere.singularem,-
1694 2585 1847 2667 quid
1890 2585 2148 2650 tandem
2192 2603 2307 2650 nos
2353 2604 2490 2649 um-

252 2689 528 2755 braticos
573 2689 810 2770 pudeat
838 2705 1146 2769 quaerere
1192 2692 1256 2752 et
1280 2687 1627 2768 disputare,
1672 2691 1886 2752 utrum
1927 2687 2104 2768 prius
2148 2692 2369 2753 natum
2414 2687 2497 2753 sit
2622 2705 2627 2710 ·

254 2790 420 2880 ’κόρη
465 2811 547 2858 an
592 2788 904 2880 κᾷρηνον,
952 2790 1267 2856 rectiusne
1315 2785 1569 2874 ἀτρέμα
1613 2789 1926 2855 scribatur
1969 2796 2116 2856 ante
2162 2809 2497 2857 consonam
2570 2818 2579 2823 ’

252 2908 334 2962 an
370 2892 714 2980 ,ἀτρέμαςζὲ
803 2891 872 2958 Si
914 2892 1055 2974 quis
1078 2895 1293 2959 autem
1335 2888 1461 2957 non
1505 2898 1638 2958 tam
1681 2892 1799 2957 hoc
1819 2893 2103 2969 miretur,
2150 2893 2320 2974 quod
2353 2898 2491 2957 tan-

251 3004 386 3085 tum
430 3015 619 3064 curae
662 2994 1108 3062 vocabulorum
1145 2996 1489 3076 segmentis
1536 3000 1603 3061 et
1646 2994 1929 3076 apicibus
1973 2994 2464 3076 impenderimus
2479 3044 2495 3075 ‚

248 3119 439 3183 quam
484 3098 656 3183 quod
688 3097 1075 3187 quaestionis
1097 3097 1428 3165 institutae
1477 3116 1668 3180 saepe
1711 3098 1923 3163 nullus
1969 3098 2174 3163 exitus
2196 3102 2491 3180 repertus

262 3203 365 3282 sit,
407 3201 555 3267 huic
598 3201 1042 3283 respondeam,
1087 3201 1205 3267 hoc
1247 3200 1642 3266 incommodo
1682 3220 1808 3266 11011
1850 3201 2053 3266 solum
2094 3200 2253 3266 illud
2296 3219 2494 3282 genus

257 3301 716 3384 vocabulorum,
740 3304 931 3386 quod
974 3323 1015 3368 a
1053 3322 1157 3369 me
1199 3308 1544 3370 tractatum
1588 3307 1704 3383 est,
1720 3302 1729 3314 '
1748 3302 2056 3382 laborare,
2104 3303 2219 3368 sed
2242 3304 2491 3368 univer-

251 3427 364 3474 sae
406 3407 539 3474 fere
587 3406 973 3474 Graecorum
1017 3405 1529 3488 orthographiae·
1567 3409 1874 3488 quantum
1917 3422 1995 3470 ex
2038 3405 2273 3470 nostris
2315 3405 2493 3470 libris

251 3506 546 3593 'cognosci
590 3511 812 3593 possit,
856 3528 998 3576 eam
1017 3508 1505 3575 inconstantiam
1549 3526 1708 3589 esse,
1755 3512 1829 3573 ut
1871 3508 2025 3591 quid
2067 3524 2317 3589 quoque
2358 3508 2494 3574 loco

254 3612 655 3680 scribendum
700 3614 785 3680 sit
825 3615 891 3679 in
932 3614 1173 3679 incerto
1192 3611 1553 3694 relinquere
1597 3629 1893 3693 cogamur
1934 3631 2059 3676 non
2104 3600 2307 3676 solum
2347 3629 2493 3691 pro-

253 3720 396 3798 pter
438 3715 841 3782 librariorum
882 3715 1263 3797 multiplices
1288 3713 1732 3793 dissensioneS‚
1779 3714 1894 3779 sed
1937 3714 2130 3779 etiam
2152 3713 2300 3794 quia
2340 3714 2491 3778 scri-
2608 3784 2613 3789 ,

252 3823 466 3900 ptores
510 3819 633 3899 ipsi
698 3819 922 3885 eadem
985 3817 1292 3884 vocabula
1356 3817 1510 3883 alibi
1573 3818 1778 3898 aliter*
1825 3814 2245 3882 conformasse
2311 3835 2491 3897 repe-

253 3922 502 3988 riuntur
544 3939 669 3989 non
712 3921 898 3987 modo
945 3920 1132 3985 metri
1175 3918 1445 3985 invitatu
1500 3924 1566 3985 et
1608 3919 1886 4001 impulsu
1899 3968 1915 3998 ‚
1983 3919 2097 3984 sed
2140 3919 2333 3984 etiam
2374 3919 2494 3986 hoc

250 4024 497 4091 vinculo
541 4024 747 4090 soluti.
851 4006 1241 4107 Quibusnam
1285 4028 1500 4089 autem
1541 4021 1770 4089 finibus
1813 4022 1973 4089 haec
2001 4021 2265 4089 libertas
2307 4040 2491 4103 rega-

261 4133 382 4208 tur,
428 4146 553 4193 11011
596 4128 763 4192 inter
806 4143 1023 4191 omnes
1068 4126 1372 4192 convenit.
1463 4125 1652 4208 Angli
1696 4126 1950 4207 quidem
1994 4124 2192 4191 critici
2221 4123 2493 4189 Dawesii

127 4293 138 4298 -
259 4231 440 4313 signa
484 4230 738 4313 sequuti
780 4233 847 4294 et
887 4228 1172 4293 nonnulli
1199 4234 1560 4295 nostrorum
1604 4228 1669 4293 111
1714 4228 2100 4294 scenicorum
2141 4226 2392 4306 fabalia,
2438 4229 2495 4292 si

261 4334 413 4420 quid
454 4333 522 4401 in
565 4333 788 4401 eodem
831 4349 1130 4399 versuum
1173 4349 1404 4413 genere
1467 4331 1858 4417 reperissent
1923 4331 2172 4399 diverse
2237 4329 2491 4410 dictum,
