2946 4928
482 310 601 375 DE
649 309 1134 394 SYNAERESI,
1177 311 1582 379 DIAERESI
1624 316 1742 383 etc.
1808 313 1877 379 P.
1900 313 1949 380 1.
1997 312 2064 380 G.
2086 312 2168 381 11.
2214 314 2269 399 ἓ.
2294 312 2353 381 4.
2441 312 2522 382 49

274 471 514 561 χροΐζω
530 523 545 549 ,
601 469 835 563 χρῴζω
849 526 869 558 ,
936 494 1059 559 quo
1121 480 1376 565 auctore
1420 476 1737 543 Porsonus
1801 478 1867 542 in
1919 477 2137 559 Eurip.
2183 477 2350 543 Med.
2393 475 2522 544 497

277 577 662 665 κέχρῳσμαι
719 579 984 660 scripsit.
1070 578 1411 644 Praetereo
1480 579 1630 661 alia,
1697 599 1860 664 quae
1926 582 2165 664 passim
2223 581 2530 646 adnotata

216 722 223 732 ·
277 685 431 746 sunt
475 679 640 764 [Vol.
686 681 720 746 I
752 680 876 747 445
902 681 1040 767 sq.].
1068 718 1140 729 —
1172 681 1248 747 In
1293 683 1707 748 declinatione
1750 684 2085 751 verborum
2130 685 2522 751 animadver-

276 784 495 881 timus·
556 785 873 851 diaeresin
937 785 1256 868 augmenti
1320 787 1512 853 verbo
1583 783 1841 874 οἷ’γνυμι
1889 805 2276 854 concessam:
2346 782 2523 870 ὤϊξε,

278 885 679 975 ἐξεφωνήθη
712 888 787 954 τὸ
833 890 860 957 ἶ
908 890 1529 975 προσγεγραμμένον
1553 890 1742 956 schol.
1779 889 1895 956 Od.
1918 890 2018 955 ΠΙ
2042 890 2185 971 392,
2210 886 2523 977 ὠΐγνυντο

278 990 445 1055 κατὰ
493 985 847 1058 διάστασίν
889 991 1033 1058 ΕΜ.
1077 992 1221 1057 820.
1247 992 1348 1073 37,
1397 989 2069 1082 ἇνωΐχθησανΝοῐω.
2116 994 2207 1060 VI
2251 994 2395 1060 250.

1204 1375 1421 1490 mus
1487 1391 1587 1493 n.

724 1586 889 1670 De
995 1566 1332 1671 crasi
1434 1587 2095 1716 vocalium.

1191 1790 1198 1795 ’
1244 1812 1444 1880 GAP.
1516 1815 1565 1879 1.

965 1952 1083 2028 De
1133 1953 1511 2028 vocalibus
1564 1952 1840 2029 iisdem.

450 2122 506 2206 ξ.
568 2122 623 2185 1.
733 2119 942 2201 Alpha
1008 2121 1237 2204 duplex
1303 2124 1672 2204 saepissime
1740 2121 2119 2204 conspicitur
2186 2120 2252 2186 in
2316 2119 2525 2186 verbis

276 2223 623 2289 contractis
670 2222 1103 2289 declinationis
1149 2226 1484 2305 secundae,
1529 2227 1609 2291 de
1654 2225 1880 2307 quibus
1927 2224 2141 2289 dedita
2186 2233 2396 2309 opera·
2425 2223 2525 2305 egi

274 2325 350 2389 111
387 2325 658 2389 Dissert.
727 2326 806 2391 de
865 2327 1145 2406 diectasi,
1190 2326 1479 2392 Rhemat.
1533 2328 1652 2391 175
1700 2346 1852 2408 sqq.,
1887 2345 2044 2394 ,11011
2088 2327 2181 2390 ita
2226 2344 2420 2406 saepe
2459 2325 2525 2390 in

279 2428 657 2494 nominibus.
745 2427 820 2493 In
862 2428 961 2494 his
1006 2429 1191 2507 modo
1235 2448 1350 2512 pro
1396 2429 1642 2495 duobus
1686 2429 1984 2496 brevibus
2028 2430 2284 2512 ponitur
2325 2446 2520 2494 unum

230 2589 245 2598 .
276 2528 561 2612 longumg
600 2532 785 2624 modo
809 2538 1028 2597 contra
1050 2531 1138 2598 fit.
1183 2533 1342 2598 Illuc
1363 2532 1726 2599 referuntur
1750 2534 1882 2620 κέρ
1899 2560 1941 2598 α
1965 2533 2047 2600 ἐκ
2072 2557 2214 2617 κεφ
2232 2558 2272 2595 α
2288 2533 2380 2596 λ’
2343 2559 2378 2617 r·-
2396 2556 2429 2609 ς
2446 2569 2515 2583 «-
2553 2580 2558 2585 .

281 2632 354 2697 τὸ
419 2671 456 2702 α
517 2634 774 2720 μακρὸν
820 2629 959 2701 ἀπὸ
1007 2636 1440 2722 συναιρέσεως
1505 2630 1549 2722 ἢ
1600 2638 1858 2719 μᾶλλον
1905 2631 2058 2701 ἀπὺ
2092 2631 2389 2722 κράσεως
2435 2630 2525 2711 ὡς

277 2735 526 2831 κρέατα
570 2736 786 2819 κρέαα-
816 2737 976 2824 κρέα
1025 2738 1097 2803 τὸ
1144 2776 1181 2807 α
1220 2736 1495 2826 ’μακρόν
1541 2740 1621 2804 τὰ
1667 2739 1792 2826 γὰρ
1828 2736 2019 2806 ὁύο“
1985 2775 2020 2807 α
2046 2733 2196 2816 εἷςι
2180 2733 2248 2803 ἐν
2270 2737 2526 2822 μακρὸν

281 2836 585 2924 κίρναται
655 2840 844 2906 schol.
903 2841 1247 2923 Hephaest.
1314 2841 1460 2921 116
1508 2842 1624 2926 (7),
1693 2840 1852 2928 κρέα
1921 2839 2061 2906 ἀντὶ
2128 2844 2247 2906 τοῦ
2316 2839 2523 2926 κρέασι
2563 2856 2576 2869 '

280 2937 515 3027 κράσει
558 2945 688 3008 τῶν
734 2940 968 3011 ὁὺο-
919 2980 953 3013 α
1015 2937 1104 3022 εἷς
1152 2939 1220 3009 ἓν
1263 2941 1517 3028 μακρόν
1563 2934 1865 3010 Choerob.
1912 2942 2057 3024 389,
2128 2943 2338 3011 δέπα
2384 2938 2525 3028 ἠδιὲ

281 3045 705 3130 τραπέζας
732 3083 802 3094 —-
833 3042 1137 3112 ἐκτατέον
1181 3045 1255 3111 τὸ
1306 3047 1345 3116 ἆ
1387 3048 1578 3113 schol.
1626 3047 1742 3112 Od.
1766 3046 1884 3113 XV
1907 3045 2052 3112 466.
2138 3045 2273 3111 Nec
2315 3045 2525 3112 minus

282 3147 556 3218 dilucide
603 3146 904 3214 Choerob.
957 3148 1052 3230 15,
1096 3148 1239 3214 EM.
1286 3150 1410 3214 552
1483 3150 1622 3216 ἔστι
1695 3148 1767 3216 δὲ
1827 3150 2026 3229 λᾶας,
2097 3138 2176 3214 οὗ
2223 3144 2262 3234 ἧ
2308 3149 2523 3235 γενικὴ

283 3246 497 3328 λᾶαος
537 3251 643 3315 καὶ
689 3255 876 3331 λᾶος,
943 3258 1009 3319 et
1050 3252 1451 3318 Herodianus
1517 3252 1589 3317 Il.
1635 3252 1763 3317 XII
1805 3250 1933 3316 462
1992 3254 2149 3330 λᾶος
2196 3275 2522 3338 προπερι-

240 3358 249 3371 *
280 3353 640 3419 σπαστέον·
688 3349 825 3420 ἀπὸ
873 3355 997 3442 γὰρ
1045 3351 1318 3432 εὐθείας
1351 3354 1664 3420 πέπτωκε
1702 3349 2109 3422 ὁισυλλᾶθου
2143 3351 2254 3418 καὶ
2277 3345 2525 3439 ὤφειλε

281 3456 745 3542 τρισυλλαβεῖν
799 3451 840 3544 ἡ
888 3454 1128 3545 γενική,
1197 3454 1599 3546 συναλοιφὴν
1669 3456 1743 3524 δὲ
1812 3458 2109 3538 λαβοῦσα
2150 3451 2524 3540 βαρύνεται.

280 3557 528 3622 Horum
571 3559 872 3624 nonnulla
914 3560 1016 3626 vel
1083 3560 1165 3630 ad
1209 3578 1525 3642 syncopen
1568 3561 1669 3626 vel
1729 3561 1811 3626 ad
1878 3578 2197 3643 apocopen
2252 3556 2525 3626 transfe-

280 3665 525 3741 runtur,
573 3661 688 3726 sed
731 3662 797 3726 in
840 3663 1159 3744 plerisque
1195 3662 1401 3727 erasis
1446 3661 1799 3753 manifesta
1828 3661 1910 3745 [v.
1934 3662 2070 3727 Vol.
2115 3661 2148 3724 Ι
2177 3681 2236 3743 p.
2261 3660 2382 3726 231
2431 3679 2526 3743 sq.

284 3762 359 3829 cf.
388 3783 448 3847 p.
481 3762 658 3848 26o],
743 3764 871 3830 Ubi
913 3783 1063 3829 vero
1108 3782 1222 3845 pro
1268 3782 1392 3829 uno
1438 3769 1492 3834 α-
1525 3765 1647 3830 duo
1691 3767 1757 3831 111
1802 3768 2207 3847 conspectum
2248 3766 2527 3845 veniunt,

281 3869 612 3950 multiplex
657 3868 905 3933 exsistit
948 3859 1286 3947 duEitati03
1353 3868 1627 3948 primum
1678 3871 1892 3931 utrum
1937 3866 2121 3932 ambo
2163 3867 2401 3948 brevia,
2448 3886 2529 3931 an

281 3970 664 4036 alterutrum
705 3972 962 4052 longum
1007 3971 1106 4036 sit.
1199 3969 1310 4034 Sin
1352 3970 1543 4050 illud,
1590 3988 1694 4034 res
1740 3970 1822 4034 ad
1842 3969 2300 4058 pleonasmum
2343 3970 2526 4048 redit,

280 4091 402 4156 quo
445 4075 622 4141 haud
668 4079 1037 4154 cunctanter
1080 4071 1285 4138 refero
1330 4072 1639 4138 vocabula
1683 4072 1750 4136 in
1771 4071 2040 4138 Dissert.
2088 4074 2168 4138 de
2212 4070 2528 4155 prosthesi

279 4194 339 4257 p.
384 4178 467 4244 20
506 4178 842 4265 proposita
885 4172 1257 4256 ἀάσπετος,
1306 4170 1630 4258 ἂάσχετος
1675 4180 1791 4241 010.
1903 4174 2081 4240 Idem
2126 4174 2315 4255 alpha
2355 4172 2530 4253 pleo-

280 4283 595 4349 nasticum
640 4280 797 4345 mihi
840 4299 1177 4362 agnoscere
1208 4279 1427 4344 videor
1469 4281 1537 4344 in
1557 4278 1766 4344 verbis
1792 4274 2105 4426 φαάνθη4
2137 4273 2529 4358 κεκράανται

378 4384 446 4427 Lo
457 4384 626 4431 beck
654 4383 690 4421 1³
694 4383 823 4427 athoL
854 4382 905 4425 11
