2946 4928
925 1222 1773 1388 PnooEM1nM.

1192 1495 1482 1503 m-

236 1625 699 1745 Quaestionem
740 1658 920 1724 nobis
963 1660 1350 1740 propositam
1396 1661 1817 1738 Quintilianus
1858 1666 1892 1729 I
1936 1667 1993 1730 5.
2044 1667 2121 1731 17
2168 1669 2466 1733 extremis

233 1761 405 1826 lineis
462 1761 866 1827 adumbravit
929 1763 1095 1826 inter
1163 1763 1322 1828 alias
1387 1763 1628 1830 formae
1680 1768 1973 1848 propriae
2029 1769 2467 1836 derelictiones

231 1863 507 1929 referens
554 1861 1037 1948 complexionem
1081 1869 1148 1929 et
1177 1863 1564 1948 divisionem,
1612 1888 1879 1950 quarum
1903 1872 2160 1952 apponit
2182 1874 2469 1954 exempla

231 1967 451 2033 Latina
499 1966 820 2030 Phaethon
871 1967 1249 2049 bisyllabum
1316 1974 1383 2032 et
1432 1968 1757 2055 Europaei,
1824 1972 2124 2055 additque
2189 1976 2363 2040 illam
2429 1995 2467 2040 a

228 2067 488 2134 ‘Graecis
537 2066 942 2157 συναλοιφήν
988 2070 1315 2149 nominari,
1359 2069 1523 2135 hanc
1554 2070 1899 2159 διαίρεσιν.
1969 2074 2291 2140 Diaeresis
2317 2078 2466 2154 sive,

216 2159 299 2234 ‘ut
319 2173 425 2236 alii
447 2177 694 2253 vocant,
743 2172 1009 2255 dialysis·
1039 2189 1267 2236 nomen
1304 2172 1370 2236 in
1391 2192 1517 2238 uno
1540 2193 1770 2256 genere
1794 2176 2067 2242 defixum
2088 2178 2467 2260 minimeque

230 2274 590 2356 ambiguum
633 2280 748 2355 est,
796 2275 911 2339 sed
953 2274 1150 2338 libere
1183 2275 1518 2340 admodum
1543 2279 1870 2361 soluteque
1893 2286 2159 2362 vagatur
2177 2282 2465 2361 alterum,

231 2377 393 2458 quod
440 2376 862 2453 Quintilianus
910 2396 949 2441 a
994 2369 1267 2440 diaeresi
1300 2378 1465 2442 vnihil
1511 2379 1829 2446 diversum
1858 2382 2156 2448 habuisse
2189 2383 2467 2460 videtur;

230 2480 519 2545 subtilior
560 2489 722 2545 'vero
780 2482 1136 2563 disputator
1183 2477 1653 2547 Choeroboscus
1701 2482 1850 2547 Can.
1895 2483 2039 2549 846.
2087 2488 2125 2552 5
2184 2487 2466 2567 synaloe-

226 2583 385 2662 phae
442 2587 746 2663 tanquam
790 2584 1005 2665 generi
1042 2565 1359 2665 ⁴superiori
1412 2589 1656 2666 septem
1702 2585 1955 2649 subiicit
2000 2588 2269 2667 specieS,
2337 2594 2469 2653 tres

229 2685 561 2768 SimpliceS,
609 2683 928 2777 ἔκθλιψιν
973 2682 1138 2769 (κατ’
1189 2684 1399 2769 ἐμοῦ),
1444 2692 1674 2774 κρᾶσιν
1718 2683 2046 2771 (τούμόν),
2096 2696 2471 2775 συναίρεσιν

106 2859 113 2870 ,
230 2788 445 2870 (ζταῖς)
498 2795 569 2833 ῖ-
621 2792 892 2868 quatuor
937 2790 1328 2869 coniunctaS,
1399 2788 1721 2871 ἔκθλιψιν
1777 2790 1887 2855 καί
1933 2794 2168 2878 κρᾶσιν
2211 2788 2504 2876 (κᾶγώ),’

229 2887 549 2977 ἔκθλιψιν
618 2888 727 2955 καὶ
775 2888 1153 2976 σιναίρεσιν
1198 2886 1733 2976 (ἐμούποδὺνκει),
1785 2899 2037 2983 ’κρᾶσιν
2092 2892 2201 2960 καὶ
2247 2895 2494 2961 συναίέ

230 3016 409 3079 ρεσιν
456 2987 525 3077 (ὃ
575 2988 878 3071 αἰπόλος,
928 2989 1248 3079 ᾡπόλος),
1300 2993 1620 3083 ἔκθλιψιν
1664 2996 1772 3062 καὶ
1819 3000 2053 3082 κρᾶσιν
2097 2995 2206 3062 καὶ
2241 2996 2469 3063 συναί-

230 3120 405 3180 (mm
476 3088 827 3181 (ᾠπόλοι),
905 3096 1132 3177 quibus
1199 3098 1380 3178 paria
1444 3098 1739 3179 leguntur
1814 3098 1879 3162 in
1952 3098 2212 3180 Josephi
2274 3099 2468 3164 Rhac.

233 3196 500 3281 Synopsi
556 3216 606 3261 c.
653 3197 873 3262 XVIII
914 3198 1039 3264 567
1100 3200 1169 3264 Τ.
1213 3200 1311 3263 III
1365 3200 1462 3264 ed.
1506 3200 1740 3279 WalZ„
1808 3199 2193 3281 Moschopul.
2241 3201 2469 3285 Opusc.

227 3320 287 3381 p.
334 3300 418 3365 30
465 3301 562 3365 ed.
611 3300 787 3380 Titz.‚
829 3301 1104 3382 Epimer.
1152 3301 1355 3367 Cram.
1403 3302 1472 3367 T.
1518 3303 1549 3366 I
1594 3302 1739 3381 371,
1785 3301 1975 3367 schol.
2024 3303 2277 3383 Dionys.
2325 3302 2494 3383 697,-

230 3403 418 3470 Excc.
464 3403 662 3468 Paris.
727 3396 876 3486 post
920 3403 1180 3486 Gregor.
1227 3404 1401 3484 678„
1459 3404 1644 3469 Drac.
1696 3403 1816 3467 157
1865 3422 1986 3485 sq„
2055 3403 2212 3467 Mar.
2258 3403 2470 3469 Victo-

206 3508 406 3603 xrinus
453 3506 484 3572 Ι
540 3507 623 3571 2Ο
675 3525 735 3587 p.
782 3505 869 3569 88
927 3505 1023 3570 ed.
1087 3504 1384 3571 Gaisford
1440 3510 1557 3571 etc.
1667 3506 1849 3571 Hanc
1912 3507 2473 3588 praescriptionem

233 3626 505 3691 sequens
550 3607 969 3692 synaloephae
1013 3609 1263 3674 nomine
1318 3628 1442 3673 non
1502 3609 1581 3674 de
1624 3629 1752 3674 una
1796 3611 2008 3691 aliqua
2050 3601 2276 3682 harum
2322 3608 2471 3674 affe-

234 3713 512 3778 ctionum
555 3716 718 3791 utar,
767 3711 881 3776 sed
916 3713 1264 3792 generatim
1309 3712 1389 3776 de
1432 3712 1738 3793 omnibus,
1786 3713 2064 3794 singulas
2090 3717 2303 3776 autem
2328 3732 2471 3794 pro-

235 3815 387 3896 priis
435 3813 779 3896 designabo
823 3814 1194 3879 nominibus.
1282 3812 1416 3904 Nec
1458 3819 1674 3880 tamen
1729 3833 1945 3880 omnes
1992 3814 2322 3879 scribendo
2367 3834 2473 3880 ex-

236 3935 485 3999 sequar,
526 3917 647 3987 sed
678 3935 788 3981 eas
820 3916 1023 3996 modo,
1071 3913 1296 3997 quibus
1318 3916 1569 3981 vocales
1595 3917 1876 3981 eiusdem
1895 3917 2068 3987 ,vocis
2094 3922 2477 3985 coartantur.

238 4016 586 4084 Omittetur
627 4019 820 4101 igitur
861 4006 1138 4100 primum
1181 4019 1386 4099 elisio,
1442 4024 1581 4084 tum
1622 4038 1733 4100 ea,
1779 4037 1929 4101 &qua
1970 4021 2205 4086 vocalis
2248 4007 2477 4101 prioris

236 4120 524 4187 vocabuli
569 4122 960 4204 opprimitur,
1005 4147 1036 4187 z
1056 4119 1090 4187 ὀ
1107 4116 1166 4188 δ’
1213 4120 1416 4199 ἐστι’,
1461 4126 1600 4186 tum
1644 4120 1872 4202 altera,
1918 4140 2080 4203 quae
2123 4121 2309 4186 hodie
2353 4139 2477 4184 non

238 4223 631 4289 incommode
674 4224 1012 4306 prodelisio
1058 4224 1303 4303 dicitur,
1351 4229 1508 4289 ποῦ
1545 4218 1735 4304 ’στί,
1785 4222 1902 4287 dea
1928 4223 2024 4303 ἐι,
2071 4239 2338 4305 quarum
2368 4220 2476 4282 illa

242 4325 625 4432 apostropho
669 4328 970 4408 signatur,
1015 4325 1172 4391 haec
1217 4325 1540 4405 coronide3
1611 4325 1836 4391 deinde
1882 4342 2113 4471 σφηξὶ
2144 4319 2476 4402 synthetae
