2946 4928
567 290 907 358 ENCLISI
948 291 1058 358 ET
1104 291 1400 360 SYNAL.
1447 292 1953 362 CONIUNCTA.
2042 294 2079 380 ἓ
2125 294 2183 361 5.
2239 334 2248 344 -
2368 295 2492 361 337

249 454 644 520 inutilissime
688 454 981 522 infercire
997 507 1012 537 ‚
1060 457 1174 523 sed
1219 457 1579 524 rationibus
1622 458 1720 539 118,
1766 476 1928 540 quas
1973 475 2168 540 supra
2211 459 2494 540 explicui.

220 558 385 625 -Nec
426 576 659 640 quaero
673 608 687 637 ,
735 558 887 639 quid
929 557 1196 624 fecerint
1249 561 1651 643 antiquorum
1693 560 1765 640 ii,
1835 559 1944 641 qui
1996 559 2097 624 his
2154 561 2348 643 signis
2403 563 2499 626 uti

257 665 623 743 coeperunt,
671 662 784 726 sed
828 680 906 725 ea
960 662 1042 726 ad
1084 662 1443 729 intellectus
1490 664 1690 744 dirigo
1734 661 2129 742 facilitatem,
2194 668 2268 727 ut
2308 664 2496 729 hodie

256 765 393 829 aliis
439 764 635 846 signis
678 764 917 828 utimur
958 765 1309 845 prosodiae,
1346 764 1541 835 ,modo
1586 765 1885 833 cancellis
1920 764 2022 830 vel
2067 765 2328 846 virgulis
2375 767 2495 832 eir-

256 867 744 939 cumsoribentes
787 867 1178 950 interposita,
1224 867 1428 948 modo,
1477 869 1533 933 81
1578 867 1739 932 alius
1784 866 1979 932 verba
2021 866 2495 948 interponimuS‚

254 969 614 1033 maiusculis
657 969 858 1034 literis
902 975 1174 1035 utentes,
1261 969 1733 1052 Aequalitatem
1801 973 1868 1034 et
1910 969 2328 1034 constantiam
2371 989 2496 1036 non

253 1089 630 1153 magnopere
673 1071 926 1151 requiro
969 1092 1087 1138 nee
1132 1073 1422 1138 desidero
1465 1073 1593 1137 illa*
1617 1071 2012 1150 adminicula,
2057 1070 2166 1135 ubi
2208 1089 2317 1144 188
2356 1073 2497 1153 ipsa

245 1175 504 1239 indicat.
595 1172 862 1237 Veteres
927 1174 1051 1255 ipsi
1117 1174 1326 1240 omnia
1392 1176 1472 1240 ad
1528 1192 1715 1240 aures
1768 1171 2115 1238 referentes
2158 1175 2495 1254 parenthe-

251 1278 376 1342 tica
421 1276 496 1364 νὴ
543 1272 703 1352 Δία,
750 1266 959 1355 οἶμαι,
1008 1267 1161 1342 οἶδα
1207 1278 1344 1342 81118
1388 1278 1521 1342 ulla
1562 1277 1731 1341 vocis
1777 1275 2176 1341 distinetione
2220 1294 2496 1356 pronun·

252 1379 454 1472 ejasse
498 1371 808 1458 videntur,
856 1379 970 1443 sed
999 1367 1319 1461 graviores
1355 1378 1504 1464 [sic]
1548 1379 1863 1461 praecise:
1909 1374 1985 1465 νὴ
2031 1377 2144 1444 τὸν
2182 1374 2494 1445 Ἀπόλλω
2614 1374 2645 1464 J

255 1483 364 1548 καὶ
410 1480 567 1559 τοὺς
609 1476 831 1558 θεοὺς

358 4342 471 4386 Lob
484 4342 594 4396 eok,
618 4345 788 4392 Pathol.
816 4344 871 4387 11.
891 4371 898 4395 2
1802 4346 1807 4349 ’
1952 4395 1958 4400 ,
2096 4325 2182 4399 22
