2946 4928
607 339 723 406 DE
770 341 1564 415 PROSGHEMATISMO.
1639 345 1709 413 P.
1731 348 1846 415 111.
1893 347 1960 415 C.
1983 349 2033 416 Ι.
2080 350 2132 436 5.
2159 349 2215 416 3.
2410 351 2538 418 233

287 507 866 578 demonstrativum
908 508 974 575 in
1015 509 1339 591 parathesi
1383 510 1713 578 adiiciunt:
1779 500 1857 579 τὰ
1903 516 2017 581 νῦν
2059 510 2254 598 τάδε,
2288 514 2385 581 τὰ
2429 518 2540 583 νῦν

292 638 524 682 ταυτα.
555 654 562 660 ·
2374 635 2381 639 ’

471 719 526 802 ᾧ.
571 714 629 788 4.
716 715 929 782 Unum
974 715 1142 798 quod
1185 721 1389 783 restat
1431 719 1744 800 epectasis
1789 737 1987 801 genus
2010 721 2293 802 poeticae
2318 721 2540 790 dictio-

227 906 244 910 *
275 806 396 888 'nis
440 819 670 886 finibus
716 820 1086 885 continetur.
1181 819 1323 886 Hoc
1389 826 1490 886 est
1553 822 1858 902 omicron,
1922 824 2092 905 quod
2148 827 2541 907 grammatici

283 945 338 1009 g
351 924 639 994 enitivi
653 941 683 988 s
704 924 1049 989 nominum
1093 924 1488 1005 quorundam
1531 925 1930 1007 propriorum
1956 925 2168 991 Attice
2209 915 2538 996 declinatis

295 1027 508 1110 suffigi
550 1026 829 1105 tradunt,
877 1025 989 1091 sed
1036 1026 1430 1092 discordibus
1475 1027 1643 1094 inter
1685 1046 1754 1093 se
1800 1026 2133 1110 suffragiis.
2192 1029 2539 1113 Utriusque

294 1133 500 1216 partis
546 1128 876 1213 signiferos
922 1130 1207 1196 nominat
1247 1129 1625 1196 Eustathius
1671 1129 1817 1197 283.
1864 1131 1946 1196 37
2003 1131 2078 1197 τὸ
2126 1135 2450 1200 Πετεῶο
2496 1129 2541 1224 ἢ
2633 1192 2637 1197 .

295 1231 438 1302 ἀπὸ
484 1237 602 1301 τοῦ
646 1228 880 1300 Πετεώ
926 1231 1171 1319 γίνεται
1220 1228 1502 1312 ἅττικῶς
1548 1228 1638 1313 ὡς
1682 1231 1879 1321 λαγώ,
1929 1231 2059 1301 ταώ
2105 1236 2216 1304 καὶ
2250 1238 2537 1305 πλεονα-

293 1345 441 1427 σμῷ
485 1333 639 1405 καθ’
682 1332 1116 1424 <Ηρωδιοινὸν,
1159 1330 1203 1423 ἢ
1249 1330 1483 1403 εὐθεῖά
1530 1334 1668 1406 ἐστι
1717 1339 1901 1425 κοινὴ
1929 1339 2091 1404 κατὰ
2112 1334 2538 1426 Ἀρίσταρχον
2604 1402 2613 1407 ,

291 1438 544 1520 Πετεός
575 1423 680 1519 ὥς
725 1435 953 1520 καλός,
1022 1428 1102 1505 οὗ
1147 1439 1366 1537 γενικὴ
1412 1443 1696 1507 Πετεοῒο
1765 1440 1877 1508 καὶ
1937 1437 2195 1508 ἐκτάσει
2240 1446 2539 1531 Πετεῷο.

292 1546 473 1613 Haec
516 1544 833 1618 sententia
884 1542 1256 1624 proponitur
1318 1544 1385 1608 in
1429 1541 1850 1611 Choerobosci
1903 1546 2435 1612 commentariolo·
2460 1547 2539 1614 de

295 1650 489 1715 Tonis
548 1666 609 1729 p.
654 1645 779 1715 413
795 1694 811 1727 ,
886 1646 996 1728 qui
1039 1645 1401 1711 Herodiano
1453 1647 1801 1730 inscriptus
1868 1651 1968 1713 est
2033 1648 2099 1713 in
2141 1648 2376 1714 Anecd.
2422 1647 2536 1717 Ox.

292 1753 365 1818 Τ.
411 1751 510 1817 ΠΙ
552 1749 680 1817 228
746 1750 994 1834 γενικαί
1051 1744 1189 1815 ἀπὸ
1249 1745 1530 1817 ἇττικῶν
1575 1738 1843 1836 γενικῶν
1899 1750 2068 1818 κατὰ
2113 1752 2540 1838 πλεονασμὸν

287 1860 417 1924 τοῦ
459 1857 512 1927 ’ἶ
556 1851 928 1941 γινόμεναι,
997 1852 1065 1920 εἴ
1094 1852 1215 1936 μὲν
1261 1847 1402 1920 ἀπὸ
1452 1849 1780 1934 ὀξυτόνων
1824 1857 2094 1941 γενικῶν
2140 1848 2296 1933 ὦσι,
2368 1880 2535 1942 προ-

292 1962 788 2048 περισπῶνταιε
857 1952 1088 2023 Πετεώ
1133 1959 1444 2049 Πετεῷο,
1509 1953 1769 2043 Στερεώ
1814 1960 2216 2046 Στερεῶο,
2292 1954 2538 2025 Ταλαώ

298 2066 644 2130 Ταλαῶο
715 2054 873 2147 παρ’
939 2055 1323 2148 Ἀντιμάχῳ.
1413 2057 1498 2129 Εἶ
1528 2106 1537 2111 -
1566 2059 1640 2127 δὲ
1697 2055 1834 2126 ἀπὸ
1879 2057 2296 2147 βαρυτόνων,
2366 2087 2536 2150 προ·

289 2162 813 2255 πάροξῦνονταιε
876 2162 1076 2230 Μίνω
1122 2161 1356 2230 Μίνω
1374 2187 1440 2244 ο,
1479 2158 1849 2252 Ἀνδρόγεω
1889 2160 2371 2252 Ἀνδρογέωο
2418 2169 2539 2232 τοῦ

289 2266 491 2336 τόνου
534 2266 1059 2349 καταλεχθέντος
1124 2266 1722 2351 (κατενεχθέντος),
1778 2286 2066 2350 *quorum
2111 2270 2540 2351 exemplorum

288 2392 490 2440 unum
533 2367 788 2457 Στερεώ
830 2372 1131 2457 Στερεῶο
1179 2389 1218 2436 a
1261 2369 1695 2463 Choerobosco
1739 2372 2041 2437 omissum
2088 2372 2332 2454 dubito,
2387 2392 2541 2438 num

289 2499 378 2547 ex
443 2476 871 2560 dittographia
936 2480 1157 2540 natum
1223 2493 1306 2539 an
1371 2492 1449 2539 ex
1515 2476 1796 2556 pleniore
1863 2494 2033 2558 penu
2099 2477 2540 2560 depromptum

261 2567 531 2663 meam,
599 2579 766 2646 unde
812 2578 1001 2644 schol.
1048 2578 1104 2643 A
1150 2567 1347 2644 adn.
1392 2577 1485 2643 1v
1530 2577 1655 2644 327
1722 2579 1960 2661 aliquid
2020 2579 2348 2646 delibavit:
2419 2585 2537 2647 tofi

284 2688 566 2753 Πετεῶο
610 2679 650 2772 ἡ
703 2676 1299 2767 ἅνάλογος,εὗθεῖά
1347 2679 1522 2748 ἔστιν
1580 2675 1620 2746 ὃ
1663 2678 1919 2760 Πετεός
1976 2687 2097 2749 τοῦ
2143 2687 2411 2751 floreo&
2440 2680 2540 2764 ,ὡς

287 2785 473 2867 ἕνεός
518 2785 700 2855 {mot
764 2785 903 2869 (καὶ
950 2773 1217 2871 σιερεός
1262 2785 1585 2871 στερεοῦ).
1677 2784 1948 2851 Canonis
1995 2792 2317 2854 auctorem
2359 2788 2540 2854 nobis

289 2892 470 2959 sistit
512 2889 792 2956 scholion
837 2889 1235 2954 decurtatum
1275 2887 1348 2953 Il.
1395 2887 1463 2953 H
1504 2887 1633 2953 552
1677 2891 1952 2955 Πετεῶο
2003 2926 2076 2936 -
2126 2892 2539 2974 πλεονασμὸς

287 2992 416 3083 γάρ
463 2989 620 3078 ἐστι,
648 2996 765 3059 τοῦ
810 2994 878 3078 Β]
907 2986 996 3071 ὡς
1031 2988 1457 3077 Ἡρωδιανὸς,
1507 3010 1631 3073 quo
1674 2992 1809 3058 loco
1854 2992 1934 3058 de
1978 2993 2181 3059 altera
2225 2995 2539 3079 scriptura

289 3101 581 3164 Πετεοῒο
652 3097 1043 3178 disputatum
1109 3112 1251 3160 esse
1315 3094 1596 3160 ostendit
1660 3095 2013 3162 coniunctio
2078 3099 2535 3166 ratiocinativa.

293 3201 476 3279 Quod
517 3198 925 3265 Aristarchus
974 3200 1241 3286 Πετεῷο
1290 3199 1560 3280 scripsit,
1606 3216 1645 3262 a
1688 3200 2006 3283 plerisque
2031 3201 2353 3267 desertum
2396 3221 2538 3270 esse

294 3308 466 3386 puto·
517 3303 596 3368 ob
663 3321 805 3367 eam
867 3321 1003 3367 rem
1016 3353 1031 3382 ,
1101 3308 1272 3385 quod
1331 3301 1593 3383 genitivi
1659 3301 2007 3369 Thessalici
2077 3303 2534 3388 diphthongum

288 3408 612 3492 propriam
654 3407 721 3471 in
766 3406 1192 3489 impropriam.
1214 3406 1450 3470 mutari
1492 3422 1619 3469 non
1663 3410 1937 3486 constet3
1985 3425 2182 3488 quare
2225 3407 2534 3475 Herodia-

287 3527 415 3577 nus
463 3511 545 3575 ad
587 3510 1247 3590 proschematismum,
1316 3513 1391 3574 ut
1434 3526 1475 3573 a
1517 3507 1786 3592 Didymo
1829 3514 2091 3575 vocatur
2137 3507 2211 3576 Il.
2255 3510 2346 3578 IV
2390 3514 2535 3594 327,

292 3633 367 3682 se
397 3619 402 3624 '
432 3614 700 3694 recepit,
768 3633 890 3696 quo
935 3613 1281 3695 genitivum
1325 3611 1605 3678 Atticum
1662 3608 1894 3679 Πετεώ
1962 3618 2217 3679 auctum
2279 3616 2534 3683 diceret.

167 3795 180 3800 ‚
289 3711 734 3784 Nominativus
775 3716 965 3781 huius
1007 3717 1275 3781 nominis
1322 3715 1402 3781 ab
1433 3715 1711 3781 Homero
1756 3716 1961 3781 sexies
2004 3717 2071 3780 in
2117 3718 2338 3783 eodem
2384 3738 2538 3788 casu

290 3822 485 3905 positi
552 3821 720 3903 apud
762 3820 929 3886 hunc
991 3838 1116 3885 non
1160 3819 1421 3901 legitur3
1490 3817 1569 3883 ab
1615 3818 1755 3883 aliis
1801 3818 1907 3884 ille
1932 3819 2308 3887 'Menesthei
2351 3830 2535 3904 pater

290 3941 746 4006 nonnunquam
787 3924 1011 4011 Πέτης
1057 3923 1437 4005 appellatur,
1512 3942 1569 3986 v.
1613 3921 1842 3986 Parall.
1895 3920 2014 3988 159
2032 3973 2047 4003 ,
2114 3925 2283 3990 unde
2325 3926 2535 3994 Ionice

289 4022 414 4094 τοὺ
459 4026 694 4093 Πέτεω
741 4023 891 4108 fingi
935 4030 1187 4108 poterat
1228 4031 1302 4090 ut
1344 4028 1461 4089 τοῦ
1497 4018 1734 4112 ssew,
1781 4030 1971 4107 atque
1992 4026 2350 4104 huiusmodi
2382 4049 2535 4112 quo-

288 4149 418 4213 que
462 4130 755 4212 genitivis
800 4130 1122 4212 epectasin
1163 4128 1405 4195 affinxit
1437 4128 1799 4195 Zenodotus
1843 4124 1957 4195 Αἶ
1970 4155 2001 4192 ν
2017 4128 2090 4195 εί
2103 4158 2155 4196 ω
2171 4155 2207 4195 ο
2254 4132 2535 4198 scribens

289 4251 412 4316 pro
455 4229 773 4307 Αἰνείαο,
847 4233 960 4298 Sed
1003 4230 1343 4296 refellitur:
1414 4226 1534 4295 οὒκ
1593 4230 1731 4297 ἔστι
1795 4232 1869 4299 δὲ
1922 4228 2214 4310 Αἶνείως
2266 4229 2356 4312 ὥς
2400 4238 2532 4301 Πε-

291 4333 461 4414 τεώς
553 4334 743 4408 schol.
819 4335 876 4400 V
943 4333 1097 4415 323,
1185 4333 1260 4399 cf.
1336 4333 1558 4399 Lehrs.
1647 4336 1729 4401 ad
1805 4336 2231 4404 Aristonicum
2288 4321 2536 4403 'Friedt
