2946 4928
435 340 553 408 DE
601 340 1086 425 SYNAERESI,
1131 342 1535 410 DIAERESI
1577 347 1695 410 etc.
1762 344 1830 411 P.
1853 344 1936 412 II.
1983 344 2050 411 C.
2073 345 2187 411 111.
2234 347 2288 431 ἓ.
2314 343 2371 414 5.
2435 346 2554 415 137

305 506 372 572 id
394 511 497 571 est
524 528 858 591 prorsam,
903 508 1067 573 sicut
1108 526 1258 590 pars
1302 509 1480 596 navis
1497 508 1803 590 opposita
1848 505 2114 598 πρύμνη
2160 515 2438 594 vocatur,
2483 513 2553 578 id

308 614 408 675 est
450 621 828 691 retroversa,
876 610 950 676 cf.
995 611 1223 676 Parall.
1271 613 1395 678 214
1444 631 1535 694 sq.
1584 611 1687 696 [cf.
1735 631 1930 695 supra
1973 632 2033 695 p.
2083 613 2165 679 67
2210 614 2322 700 in.]

475 713 532 783 ὃ
583 717 650 779 et
691 713 776 784 ἐὖ
831 713 977 779 huic
1019 733 1280 780 numero
1325 714 1742 780 adscribimus
1800 715 1879 781 ob
1924 717 2042 782 hoc
2085 720 2320 799 solum,
2386 720 2554 801 quod

310 816 566 897 quidam
601 821 919 882 *veterum
982 814 1261 904 χλούνης
1327 837 1404 883 ex
1463 813 1775 901 χλόευυος
1843 818 2195 885 confectum
2236 839 2379 887 esse
2424 826 2553 887 sta-

312 923 514 1000 tuunt,
559 937 683 1001 quo
730 926 1026 987 accentus
1074 920 1438 1003 explicatur,
1488 922 1600 987 sed
1643 940 1748 988 res
1797 928 1972 987 certa
2015 941 2145 988 non
2186 921 2276 988 fit.

483 1025 638 1115 ’ὀῗῃ-
664 1024 945 1105 legitime
993 1023 1447 1090 contrahuntur
1478 1025 1544 1089 in
1576 1026 1971 1092 subiunctivo
1992 1026 2345 1106 verborum,
2392 1044 2555 1109 quae

314 1145 478 1191 nunc
518 1128 727 1209 ipsum
772 1128 972 1210 attigi,
1019 1132 1269 1214 χρυσοῖ,
1316 1134 1585 1215 χρυσοῖς
1611 1167 1681 1177 —-
1713 1130 1793 1194 τὰ
1841 1126 2117 1217 δεύτερα
2183 1129 2293 1196 καὶ
2361 1126 2562 1216 τρίτα

309 1226 639 1316 πρόσωπα
709 1225 1052 1318 ὃμοφωνεῖ
1127 1234 1267 1310 τοῖς
1348 1227 1542 1310 ἰδίοις
1609 1228 1975 1319 ὃριστικοῖς
2041 1231 2343 1298 Choerob.
2409 1232 2555 1314 800,

308 1351 470 1414 quae
515 1333 940 1400 Buttmannus
1002 1334 1070 1400 T.
1115 1335 1181 1399 II
1232 1333 1347 1399 151
1395 1340 1522 1401 not.
1589 1340 1850 1418 propter
1915 1354 2135 1418 parem
2180 1336 2556 1400 coniunctivi

308 1440 374 1500 et
416 1436 742 1502 indicativi
786 1437 1258 1518 congruentiam
1304 1454 1447 1501 cum
1491 1436 1899 1519 impersonali
1944 1437 2057 1505 ἐὰν
2090 1440 2194 1505 δεῖ
2213 1443 2554 1520 comparat.

476 1540 536 1610 ὃ
583 1544 650 1604 et
692 1542 745 1611 δ’.
808 1540 876 1604 in
930 1545 1211 1622 optativo
1255 1539 1593 1606 verborum
1652 1541 1937 1607 eiusdem
1981 1541 2217 1606 ordinis
2260 1561 2377 1624 per
2421 1547 2554 1607 tres

304 1660 611 1723 personas
655 1643 903 1708 numeri
947 1642 1284 1725 singularis
1331 1648 1397 1708 et
1440 1644 1506 1708 in
1548 1646 1751 1726 primo
1776 1645 2091 1725 tertioque
2129 1663 2282 1711 casu
2324 1645 2555 1727 plurali

306 1746 649 1827 nominum,
696 1765 962 1827 quorum
1006 1747 1428 1813 nominativus
1473 1766 1510 1812 o
1551 1743 1790 1813 mic'ron
1834 1749 1900 1813 in
1942 1747 2292 1830 penultima
2334 1747 2554 1814 habet:

309 1846 371 1915 οἳ
428 1853 592 1915 πλοῖ
635 1848 842 1930 Soph.,
889 1844 1243 1936 παράπλοι
1272 1842 1412 1917 ’καὶ
1457 1849 1777 1938 περίπλοί
1824 1851 1934 1917 καὶ
1981 1848 2250 1918 εἶ’σπλοι
2293 1851 2553 1918 Aristid

306 1951 459 2017 XVI
482 1951 625 2017 237.
671 1952 728 2016 A
773 1952 870 2036 (T.
916 1952 949 2017 I
993 1952 1375 2038 384Dind.),
1424 1951 1745 2044 κατάρῥοι
1793 1952 2031 2034 Galen„
2078 1957 2217 2031 τοῖς
2262 1952 2555 2042 πρόχοις,

306 2057 476 2138 quod
520 2055 927 2137 Aristophani
992 2060 1058 2122 et
1097 2055 1387 2139 Euripidi
1450 2058 1819 2123 restitutum
1885 2062 1986 2122 est
2049 2075 2163 2138 pro
2228 2054 2554 2144 προχόοις
2627 2112 2633 2116 .

309 2157 679 2242 (Goettling.
745 2159 1001 2224 Accent.
1053 2158 1222 2243 175),
1301 2165 1367 2226 et
1430 2161 1669 2226 maiore
1736 2162 1928 2225 etiam
1993 2160 2416 2225 inconstantia
2487 2160 2554 2224 in

312 2262 630 2343 epithetiS,
677 2280 944 2344 quorum
989 2282 1067 2328 ex
1107 2243 1338 2345 ma'gna
1382 2266 1561 2346 copia
1603 2283 1798 2330 unum
1841 2283 1957 2345 per
1990 2264 2379 2329 occasionem
2421 2282 2553 2329 me-

306 2368 514 2429 morat
554 2364 972 2445 HerodianuS,
1040 2365 1157 2430 hoc
1220 2371 1321 2431 est
1360 2364 1734 2454 χειμάρροι,
1808 2368 1977 2449 quod
2019 2368 2126 2433 ille
2171 2386 2552 2450 proparoxy-

305 2473 498 2534 tonon
543 2487 683 2535 esse
726 2470 969 2535 mavult
1004 2466 1095 2548 ὥς
1141 2471 1611 2558 συνηλιμμένον
1656 2467 1726 2538 ἐκ
1773 2466 2237 2552 ποῦ’ἒντελοῦς
2280 2470 2545 2563 χειμᾶῤ·

190 2639 207 2651 Ι
305 2573 477 2655 ροοι,
500 2591 581 2637 ⁴v.
615 2571 881 2637 Elemm.
928 2571 961 2636 I
991 2571 1135 2638 316.
1227 2568 1581 2655 Scriptores
1625 2574 1690 2639 in
1734 2574 1852 2639 hoc
1895 2592 2126 2656 genere
2168 2595 2549 2658 magnopere

178 2749 187 2755 ,
306 2673 665 2756 discrepare
711 2675 959 2741 ostendi
1004 2676 1089 2741 ad
1107 2675 1341 2759 Phryn:
1372 2676 1509 2756 142,
1559 2677 1673 2742 sed
1714 2677 2073 2758 politissimi
2117 2679 2351 2761 quique
2382 2679 2554 2745 haud

304 2776 570 2844 obscure
639 2778 1115 2860 patrocinantur
1175 2780 1514 2862 synaeresi.
1563 2816 1635 2826 —
1697 2779 1875 2844 Haec
1937 2781 2206 2861 primam
2276 2781 2554 2864 syntheti

304 2882 611 2965 syllabam
656 2881 971 2948 connectit
1014 2900 1155 2946 cum
1199 2882 1402 2947 altera
1444 2883 1511 2947 in
1557 2881 1808 2955 nomine
1844 2880 2208 2970 προοίμιον
2233 2880 2553 2972 φροίμιον

302 2984 466 3066 EM,
513 2985 680 3068 quod
722 2984 1076 3068 Hesychius
1121 2983 1378 3050 definite
1423 2984 1654 3051 Atticis
1699 2985 1940 3051 tribuit.

477 3087 644 3153 Huic
686 3093 946 3170 propter
990 3089 1437 3170 aspirationem
1484 3106 1795 3154 consonae
1826 3090 2070 3171 primae
2101 3091 2554 3175 aequiparatur

307 3190 620 3279 φρουρός,
693 3191 861 3275 quod
905 3195 972 3256 et
1015 3209 1155 3256 cum
1197 3192 1435 3258 usitato
1484 3184 1678 3280 οὖρος
1723 3193 2120 3259 coniunctum
2163 3194 2366 3260 videri
2410 3200 2550 3277 pot-

304 3300 419 3376 est,
465 3300 531 3361 et
574 3313 717 3361 cum
758 3296 896 3376 ipso
939 3294 1218 3361 themate
1262 3295 1439 3362 verbi
1483 3301 1557 3362 ut
1598 3292 1865 3382 ἔφορος,
1914 3294 2235 3384 ἐπίουρος
2281 3295 2371 3380 [p.
2411 3296 2542 3382 63].

303 3397 407 3464 Sic
447 3398 654 3482 Etym.
702 3395 1144 3464 Gud.442.18
1191 3390 1390 3485 οὖρος
1434 3399 1697 3484 λέγεται
1741 3398 1855 3466 καὶ
1901 3395 2201 3487 φρουρός
2245 3390 2385 3465 οἷον
2434 3398 2552 3466 καὶ

303 3501 591 3590 πρὸορος
636 3495 744 3567 καὶ
791 3501 1162 3588 συναιρέσει
1207 3497 1492 3588 προυρός
1522 3500 1629 3567 καὶ
1655 3499 1969 3590 φρουρός.
1998 3499 2216 3567 ——Sed
2239 3520 2343 3567 res
2377 3507 2553 3567 certa

305 3609 404 3670 est
448 3605 526 3670 de
570 3604 813 3670 verbis:
856 3607 1187 3690 χρυσοῦσι,
1232 3606 1568 3688 χρυσοῦσα
1594 3603 1675 3688 *),
1747 3604 1975 3687 quibus
2027 3605 2368 3671 intervenit
2419 3605 2550 3670 Ho-

303 3709 608 3774 mericum
653 3704 923 3795 ἔδρῶσα,
972 3706 1140 3788 quod
1185 3706 1376 3772 schol.
1421 3707 1493 3772 Il.
1540 3707 1640 3772 ΠΙ
1682 3706 1827 3788 387,
1872 3701 2016 3772 EM.
2063 3707 2207 3774 598.
2256 3705 2339 3774 53
2408 3728 2552 3776 cum

304 3807 674 3877 ναιετάωοα
718 3815 1101 3893 comparant,
1148 3810 1337 3891 idque
1381 3811 1490 3877 ille
1534 3810 1815 3876 Ionicum
1856 3815 2054 3892 vocat,
2100 3810 2203 3877 hic
2246 3816 2319 3878 ut
2359 3813 2550 3895 pleri-

303 3932 426 3997 que
453 3914 752 3980 Doricum
777 3913 1022 3998 [Rhem.
1053 3911 1221 3999 173}
1296 3913 1462 3979 Illud
1493 3914 1776 3981 imitatus
1802 3914 2149 3982 Teleclides
2174 3917 2553 4000 λυχνοκῶσα

304 4018 510 4083 dicere
576 4035 769 4083 ausus
838 4020 939 4080 est
999 4033 1114 4097 pro
1159 4021 1637 4100 λυχνοκοοῧσα,
1705 4023 1779 4083 ut
1844 4019 2136 4100 equidem
2191 4022 2550 4103 suspicatus

439 4256 493 4323 ²¹²)
549 4257 738 4324 „votior
797 4257 1029 4310 Simonid
1085 4260 1264 4326 Frgm.
1322 4259 1447 4309 LXI
1480 4256 1552 4312 86
1616 4260 1790 4324 Schn„
1848 4260 2069 4312 νοῦνται
2125 4261 2367 4311 Democr.
2423 4259 2547 4310 ΕΜ.

300 4362 352 4414 p.
389 4340 509 4400 601.
544 4336 630 4411 28,
663 4345 751 4396 vel
780 4360 876 4413 pro
912 4339 1167 4399 monast
1209 4344 1268 4397 in
1301 4352 1532 4398 extrema
1560 4362 1681 4416 paq.
1718 4346 2014 4402 adnotatum
2048 4352 2134 4400 eet.
2186 4345 2244 4398 V.
2268 4361 2329 4413 p.
2365 4340 2451 4397 65.
