2946 4928
418 365 502 433 44
1187 361 1746 432 DISSERTATIO
1790 362 1898 431 VI.

419 534 620 620 γρῆύς
661 531 794 597 sive
840 526 1038 621 γρηῖῖς
1052 531 1104 614 ³)
1140 530 1222 596 ad
1263 548 1418 596 rem·
1446 528 2001 595 demonstrandam
2047 527 2201 593 satis
2245 544 2387 593 esse
2416 528 2671 609 putavit

419 642 531 702 aut
573 638 728 723 νῆύς
762 635 1147 720 'bisyllabum
1188 653 1313 701 non
1366 633 1636 713 invenit3
1703 638 1772 699 et
1835 631 2102 698 inveniri
2144 631 2428 715 praecise
2470 636 2670 714 negat
2769 724 2775 729 ,

417 739 793 805 Eustathius
844 738 1027 806 1936.
1091 739 1118 804 1
1172 737 1241 804 τὸ
1289 741 1489 824 γρηῦς
1533 735 1774 803 ταύτὸν
1815 736 1939 820 μέν
1973 732 2109 803 ἐστι
2153 738 2246 824 τῷ
2292 736 2449 823 νηῦς
2492 731 2666 800 κατὰ

420 842 800 931 προφορὰν,
850 838 927 909 οὗ
977 838 1191 909 πάντα
1241 840 1314 908 δὲ
1360 838 1496 923 ἔχει
1540 834 1632 919 ὥς
1673 839 1905 907 ἐκεῖνο·
1949 842 2140 906 τοῦτο
2183 837 2305 922 μὲν
2349 835 2474 924 γὰρ
2521 839 2669 904 δια·

420 942 676 1022 λύεται,
724 940 764 1033 ἢ
814 946 890 1013 δέ
933 949 1090 1034 νηῦς
1134 938 1230 1012 οἷ’.
1323 941 1450 1009 Sed
1494 944 1879 1009 contrarium
1930 942 2305 1025 pronunciat
2355 939 2533 1008 1409.
2580 940 2666 1008 27

420 1049 496 1114 τὸ
543 1051 703 1125 ναῦς
733 1046 1022 1137 ’Όμηρος
1089 1042 1407 1126 διαλύσας
1472 1047 1584 1112 καὶ
1641 1046 1757 1134 τὴν
1813 1042 2330 1134 παραλήγουσαὺ
2374 1041 2671 1125 ἐκτείνας

417 1147 573 1239 νηῖἰς
617 1150 748 1240 ἔφη
796 1152 965 1218 κατὰ
1015 1149 1086 1216 τὸ
1135 1154 1339 1239 γραῦς
1383 1145 1602 1237 γρηΐς.
1706 1150 1844 1215 Hoc
1886 1149 2203 1215 Homerus
2250 1148 2502 1231 saepius
2544 1149 2669 1230 vel,

417 1260 490 1320 ut
533 1255 626 1320 illi
668 1256 906 1337 volunt,
952 1254 1387 1321 concinnitatis
1443 1254 1651 1335 gratia
1693 1252 1794 1318 vel
1836 1253 2045 1336 potius
2090 1259 2349 1337 propter
2391 1257 2671 1321 metrum

418 1359 485 1424 in
530 1359 689 1424 duas
734 1359 973 1424 dirimit
1016 1356 1309 1440 syllabaS,
1356 1356 1628 1422 alterum
1670 1376 1991 1439 nunquam
2020 1358 2144 1423 nisi
2172 1355 2334 1423 forte
2356 1356 2429 1421 Il.
2451 1355 2671 1422 XXIV

422 1460 567 1542 396,
594 1461 710 1528 Od.
734 1461 862 1528 XII
889 1459 1029 1543 166,
1062 1460 1214 1526 XVI
1238 1458 1361 1526 322
1389 1460 1717 1542 dispondei
1738 1461 1979 1526 vitandi
2002 1478 2193 1525 causa
2218 1463 2334 1547 νῆὶ
2330 1485 2372 1539 ς
2395 1453 2670 1546 εὐεργής

417 1566 704 1648 scripsit3
772 1565 886 1631 sed
951 1564 1137 1629 huius
1194 1564 1479 1629 lectionis
1522 1564 1861 1646 vestigium
1902 1563 2165 1644 nullum,
2212 1563 2523 1645 correptio
2568 1562 2665 1626 di-

420 1669 728 1751 phthongi
770 1668 1025 1734 insolita
1068 1673 1183 1733 est.
1293 1667 1472 1732 Idem
1518 1665 1777 1733 offendit
1821 1667 2070 1733 criticos
2114 1668 2180 1732 in
2226 1667 2399 1732 exitu
2440 1683 2666 1731 versus

419 1774 696 1855 positum
738 1772 804 1837 in
848 1771 1090 1837 Moschi
1134 1771 1226 1837 Id.
1272 1771 1338 1836 ΙΙ
1387 1769 1509 1836 104
1556 1762 1666 1837 οἷά
1713 1796 1782 1838 τε
1829 1765 1982 1859 νηῖῐς
2004 1769 2065 1854 *)
2110 1788 2227 1835 nec
2269 1769 2670 1836 consentiunt

421 1875 597 1955 libri,
664 1876 779 1940 sed
821 1875 1178 1940 Meinekius
1225 1879 1292 1967 et
1332 1875 1453 1939 hoc
1497 1874 1791 1939 toleravit
1835 1879 1901 1940 et
1943 1873 2009 1939 in
2053 1873 2216 1955 pede
2260 1873 2482 1939 ultimo
2528 1890 2669 1939 soa·

423 1980 626 2045 zontis
672 1977 1016 2043 Choliamb.
1062 1977 1261 2042 Anon.
1307 1977 1559 2060 Fragm.
1583 1978 1662 2043 ·V
1708 1977 1828 2043 170
1871 1977 2020 2060 poni
2063 1977 2278 2042 voluit.
2367 1974 2667 2042 Ceterum

423 2087 583 2162 ναῦς
626 2081 945 2164 antiquius
1002 2098 1143 2146 esse
1187 2080 1396 2146 Ionico
1441 2080 1754 2163 colligitur
1802 2100 1879 2146 ex
1922 2070 2130 2165 etymo
2174 2076 2308 2146 νόω
2353 2078 2429 2145 τὸ
2478 2075 2663 2165 νήχο-

421 2211 564 2269 μαι,
607 2205 665 2250 v.
698 2184 928 2250 Parall.
960 2183 1082 2249 124
1128 2184 1270 2250 adn.
1318 2180 1375 2248 6.
1406 2222 1479 2231 -
1510 2183 1833 2250 Adiectivo
1877 2184 2207 2250 masculini
2252 2183 2501 2267 generis
2549 2177 2669 2271 ηῗΐς

421 2287 613 2354 fidem
683 2287 982 2370 derogavi
1047 2288 1111 2352 in
1156 2288 1385 2353 Parall.
1433 2286 1535 2367 93,
1604 2285 1679 2352 cf.
1734 2286 1994 2352 Nauck..
2044 2289 2122 2352 de
2168 2287 2486 2369 Aristoph.
2533 2285 2667 2365 53.·‚

420 2397 717 2457 neutrum
781 2410 905 2457 non
945 2391 1392 2473 contrahitur,
1450 2410 1610 2457 nam
1676 2383 1797 2480 ’‘²11'’
1861 2391 1929 2456 in
1974 2389 2232 2457 Theocr.
2276 2389 2369 2455 IV
2389 2387 2490 2481 ‘31
2543 2379 2666 2477 κηῦ

421 2494 542 2579 μὲν
588 2494 664 2560 τὰ
693 2491 997 2574 Γλαύκας
1045 2491 1484 2583 ἅγκροὺομαι,
1533 2488 1606 2562 εἶ
1657 2496 1730 2564 δὲ
1777 2494 1855 2560 τὰ
1881 2491 2132 2586 Πύρῥω
2178 2492 2547 2559 adverbium
2569 2496 2671 2557 est

426 2618 501 2663 ex
547 2597 654 2665 καὶ
703 2591 772 2665 εὖ
797 2597 1135 2665 conflatum
1180 2600 1344 2664 crasi
1387 2597 1659 2664 fortasse
1681 2597 1930 2678 Dorica,
1977 2596 2211 2680 alioqui
2251 2596 2509 2662 insolita
2549 2612 2667 2660 nec

425 2702 713 2768 omnibus
757 2703 1020 2785 placita3
1083 2721 1233 2768 nam
1275 2702 1421 2767 libri
1463 2702 1745 2767 nonnulli
1788 2700 2098 2785 praebent
2139 2700 2258 2766 hoc
2299 2700 2509 2781 ipsum
2554 2687 2666 2765 κεῦ

422 2806 556 2871 'sive
602 2800 653 2870 κ’
678 2797 772 2887 εὖ,
819 2805 933 2871 sed
977 2806 1290 2871 credimus
1320 2804 1682 2871 Herodiano
1708 2804 2071 2871 Alcmanem
2116 2798 2385 2880 ταύσιος
2414 2800 2667 2881 dixisse,

420 2908 769 2973 Homerum
791 2902 1060 2994 τηΰσιος
1084 2906 1249 2973 κατὰ
1274 2903 1622 2998 διάστασιν
1645 2909 1756 2975 καὶ
1780 2904 2055 2997 τροπήν,
2098 2928 2156 2973 v.
2178 2905 2443 2971 Elemm.
2466 2902 2499 2967 I
2527 2901 2667 2983 133,

425 3012 546 3076 etsi
588 3025 716 3075 non
761 3009 1136 3075 dissolutum
1181 3010 1457 3101 τηύσιος
1501 3016 1667 3078 teste
1713 3015 1904 3077 caret.
2015 3009 2112 3074 Ab
2157 3008 2511 3074 Atticorum
2555 3027 2666 3073 au·

421 3111 599 3179 ribus
646 3118 951 3195 quantum
994 3113 1155 3179 haec
1198 3115 1623 3197 diphthongus
1669 3113 2025 3192 abhorreat,
2070 3111 2172 3176 vel
2214 3110 2361 3175 hinc
2379 3110 2667 3194 patescit,

422 3216 590 3300 quod
633 3235 748 3298 pro
793 3213 1163 3305 πρηύμενής
1203 3219 1413 3300 potius
1439 3212 1807 3305 πρευμενής
1851 3216 2059 3281 dicere
2090 3214 2451 3284 maluerunt
2478 3231 2669 3295 quam

425 3315 817 3405 πρηυμενής.
844 3357 916 3367 -
946 3311 1213 3388 ‘Vo'cales
1238 3326 1290 3409 ’ἦ
1323 3328 1389 3388 et
1446 3325 1485 3393 ἶ,
1529 3339 1734 3387 sermo
1780 3318 2124 3385 communis
2166 3336 2248 3383 ne
2290 3318 2358 3383 in
2401 3316 2670 3382 diversis

424 3423 679 3505 quidem
712 3411 991 3505 ‘syllabis
1029 3427 1365 3492 committit
1405 3429 1666 3508 praeter
1694 3422 1974 3489 aviculae
1994 3440 2223 3487 nomen
2255 3421 2436 3508 κῆΰξ,
2482 3419 2669 3502 quod,

423 3527 478 3592 si
521 3541 743 3591 versus
786 3528 1288 3660 monosyllabum
1330 3530 1550 3611 poscit,
1612 3527 1920 3595 vicarium
1960 3524 2155 3590 habet
2198 3520 2348 3612 κήξ,
2417 3527 2483 3587 et
2524 3541 2670 3604 pro-

565 3753 622 3841 3)
678 3777 961 3843 Oxytonon
1016 3755 1254 3826 fecerunt
1304 3774 1478 3828 Bekk.
1532 3779 1585 3827 et
1618 3772 1775 3825 Dind.
1809 3771 2068 3839 probante
2118 3768 2428 3820 Thierschio
2482 3765 2528 3829 §-
2569 3763 2667 3819 181

425 3881 476 3932 p.
511 3860 639 3929 282ς
666 3863 1024 3915 Buttmannus
1061 3862 1106 3923 ξ.
1143 3855 1231 3913 28
1266 3859 1390 3914 adn.
1426 3854 1463 3909 6
1514 3860 1635 3911 iure
1653 3851 1901 3927 praefert
1935 3857 2447 3925 properispomenon
2484 3854 2672 3923 γρῆϋς,

427 3966 479 4001 v.
518 3950 628 4003 Ott.
665 3948 970 4001 Schneider.
1005 3946 1077 3998 ad
1110 3946 1355 3997 Nicandr.
1392 3945 1541 3997 Alex.
1578 3942 1893 4013 91p.153.

442 4067 447 4070 -
567 4031 626 4099 ’Ὗ
666 4035 738 4087 In
770 4034 948 4100 infirma
968 4032 1203 4100 pagina
1227 4031 1568 4099 ademptum.-
1591 4024 1749 4098 ἧυτε
1783 4050 1865 4090 τις
1895 4030 2031 4098 νηῦς
2055 4030 2294 4097 'Oppian
2326 4027 2451 4081 Hal.
2489 4030 2515 4080 1
2551 4028 2671 4083 123.

429 4119 529 4189 [ΙΙ
557 4116 695 4187 126.]
770 4119 869 4172 In·
865 4133 1069 4187 prom.
1104 4118 1327 4171 'XXIII
1353 4118 1484 4170 an.
1523 4116 1653 4171 1857
1683 4135 1739 4190 P.-
1776 4115 1812 4170 8
1862 4116 1926 4169 de
1977 4115 2068 4169 Ῑιοσ
2110 4115 2216 4168 loco
2257 4115 2328 4167 sie
2349 4101 2675 4187 disputatur.

417 4199 599 4274 (νηὺς)
622 4208 845 4259 Moscho
882 4207 941 4257 11
952 4204 1056 4258 1021
1093 4211 1352 4258 exemtum
1388 4211 1489 4270 est,
1525 4205 1623 4257 s‘ed
1655 4204 1997 4272 probabiliter
2016 4204 2167 4256 Chol.
2184 4206 2283 4256 An.
2301 4204 2480 4271 Frgm.
2499 4204 2549 4255 V
2570 4201 2673 4257 176

428 4296 486 4345 in
518 4294 647 4345 fine
659 4295 923 4346 scazontis
980 4309 1014 4344 a
1049 4289 1313 4344 Meinekio
1334 4294 1605 4359 ascriptum
1641 4297 1740 4347 est.
1802 4291 2186 4343 Grammaticus
2220 4307 2374 4355 vero,
2411 4307 2567 4358 quem
2600 4292 2673 4343 ad

433 4380 638 4432 Mosch.
672 4380 726 4432 11
765 4376 865 4434 104
897 4384 1085 4433 testem
1122 4380 1267 4445 citat,
1302 4395 1409 4431 non
1440 4379 1510 4432 de
1545 4378 1676 4445 νῆϋς
1707 4378 1938 4445 loquitur
1973 4375 2069 4429 sod
2102 4375 2169 4429 de
2198 4377 2385 4448 γρῆῦς.
