2946 4928
558 300 722 397 ‘nn
764 325 1564 405 PROSGHEMATISMO.
1648 325 1719 396 Ρ.
1741 326 1792 397 1.
1839 325 2011 396 0:11.
2057 329 2115 417 g,
2143 327 2239 399 11.
2411 315 2565 397 201'
2647 302 2663 309 “

293 508 495 580 quam
538 490 777 579 σάρκα.
863 492 996 562 Sed
1035 493 1376 561 indiscrete
1419 498 1743 575 ponuntur¹
1784 494 1909 560 duo
1951 493 2201 563 numeri
2246 483 2437 562 οἶκον
2479 498 2547 562 et

293 596 528 678 οἴκους
568 597 831 665 Philoct.
882 594 1066 677 1368,
1109 596 1251 664 Hel.
1298 597 1423 666 317
1468 602 1541 664 et
1579 597 1700 678 all„
1744 617 1802 663 v.
1847 597 1932 665 ad
1973 597 2072 664 Ai.
2115 594 2230 677 65,
2286 614 2363 664 ac
2402 615 2545 665 sae·
2622 608 2631 631 ¹

230 706 239 713 ’
295 704 561 786 pissime
606 711 791 768 casus
833 699 1198 766 nominandi
1241 706 1310 766 et
1350 700 1642 767 vocandi:
1688 692 1744 766 ὦ
1787 697 2175 786 ταλαίφρων
2219 705 2288 766 et
2317 701 2547 769 ταλάἵ·

299 829 498 894 φρον,
543 825 600 871 v.
642 803 919 877 Ellendt.
961 802 1116 869 Lex.
1160 802 1347 885 Soph.
1393 803 1454 869 h.
1500 823 1591 884 V.;
1636 804 1986 886 eademque
2027 804 2094 869 in
2135 802 2354 871 fabula
2400 798 2543 870 ἀλλ’

295 900 359 975 ὦ
403 902 541 997 φίλ’
591 903 781 986 Αἴας
822 904 978 986 529,
1052 898 1106 971 ὦ
1160 901 1421 993 φίλτατ’
1468 902 1661 985 Αἴας
1705 904 1832 972 996
1901 906 2077 975 codd.
2122 925 2366 987 omneS‚
2434 908 2549 974 sed

297 1029 420 1094 pro
464 1001 517 1076 ὦ
551 998 747 1087 οὗτος
766 1002 959 1107 Αἴας
979 1005 1063 1074 89
1095 1009 1381 1091 plerique
1421 1001 1613 1075 Αἶαν
1656 1027 1876 1090 sensu,
1919 1013 1997 1075 ut
2036 1009 2401 1077 Hermanno
2453 1011 2546 1076 vi-

300 1113 518 1193 detur,
581 1110 841 1194 paulum
881 1110 1162 1190 divers03
1227 1112 1682 1178 nominativum
1737 1112 1906 1178 enim
1962 1130 2106 1179 esse
2131 1158 2137 1162 -
2166 1113 2547 1181 declarantis

293 1232 496 1299 quem
554 1218 762 1295 vocet,
828 1213 1184 1280 vocativum
1244 1219 1457 1281 autem
1522 1215 1802 1282 vocantis
1815 1265 1831 1296 ‚
1900 1215 1981 1282 de
2044 1234 2170 1299 quo
2236 1218 2547 1300 copiosius

295 1317 604 1385 disseruit
666 1317 733 1382 in
786 1315 986 1398 praef.
1039 1315 1235 1382 Andr.
1288 1334 1350 1397 p.
1395 1315 1532 1382 XV.
1641 1316 2062 1400 Frequentior
2126 1320 2384 1403 quidem
2446 1325 2550 1387 est

295 1420 652 1500 vocativus,
721 1418 852 1487 sive
916 1422 1287 1499 praesentes
1340 1418 1761 1500 appellantur,
1805 1421 1938 1487 sive
1993 1422 2318 1489 absentes:
2387 1416 2552 1504 ἅναξ

277 1516 627 1597 ’,Ἄπολλον
669 1517 1084 1603 Agam.·491‚
1124 1520 1307 1587 Eum.
1330 1520 1435 1601 88,
1486 1518 1626 1602 197,
1668 1520 1816 1604 564,
1862 1522 2137 1607 Choeph.
2162 1525 2346 1607 1053,
2392 1525 2549 1593 Oed.

300 1627 375 1693 T.
417 1627 519 1708 80,
562 1612 662 1691 El.
712 1622 913 1704 1358,
982 1615 1037 1689 ὦ
1088 1617 1280 1707 Φοῖβ’
1315 1616 1649 1691 ’Ἀπολλον
1700 1624 1884 1690 Eum.
1934 1625 2059 1693 736
2104 1626 2320 1711 (714),
2395 1628 2548 1694 Eur.

279 1730 402 1796 El.
423 1727 570 1809 219,
593 1728 709 1799 sed
727 1727 868 1809 pari
887 1726 1193 1793 librorum
1216 1744 1528 1793 consensu
1550 1720 1716 1808 ἅναξ
1731 1724 2079 1809 Ἀπολλων
2103 1728 2378 1813 Ghoeph.
2393 1730 2548 1812 5533

297 1830 535 1901 πόντιε
576 1828 917 1899 Πόσειδον
969 1829 1112 1895 Hel.
1151 1828 1327 1903 κ1585
1394 1827 1652 1914 (1604),
1721 1833 1801 1896 σὺ
1870 1826 1927 1898 δ’
1998 1823 2054 1898 ὦ
2120 1828 2259 1920 φίλ’
2313 1830 2549 1922 Ἕκτορ

301 1935 529 2005 Troad.
577 1932 721 2014 675,
768 1932 1093 2002 δέσποινα
1138 1928 1372 2020 Κύπρι
1416 1932 1605 2015 Hipp.
1656 1931 1779 2000 116
1831 1938 1900 2000 et
1941 1935 2319 2003 οτθῢοηίωο
2363 1940 2547 2023 Προ-

298 2042 555 2127 μηθεῦ,
616 2034 938 2105 Ὀδυσσεῦ
982 2041 1099 2102 etc.
1126 2036 1197 2120 ⁵).
1270 2072 1374 2088 -·
1414 2036 1550 2102 Nec
1589 2037 2228 2118 praetermittendum
2278 2040 2547 2122 videtur,

301 2162 347 2208 a
361 2142 702 2208 diectiva
764 2139 962 2205 trium
1025 2157 1327 2222 generum
1391 2138 1459 2204 in
1512 2138 1811 2209 feminino
1884 2159 2116 2224 genere
2175 2142 2550 2227 plerumque

296 2245 599 2314 feminine
642 2243 997 2309 terminari:
1054 2239 1146 2331 μή
1193 2267 1290 2308 τοι
1338 2238 1632 2325 θυραίαν
1675 2237 1729 2328 γ’
1780 2241 1969 2326 Soph.
2011 2244 2111 2310 El.
2155 2243 2302 2328 518,
2349 2251 2417 2314 et
2459 2248 2552 2313 Sic

302 2345 552 2432 δικαία,
600 2340 827 2433 ἀραία,
870 2344 1186 2418 κλοπαία,
1235 2341 1502 2428 βεβαία,
1550 2339 1829 2424 ὀθνεῖα,
1870 2344 2177 2434 βροτεία,
2220 2344 2549 2437 Εἰρυτεῖα

300 2451 528 2521 Trach.
579 2446 773 2531 1219,
840 2449 967 2517 sed
1010 2467 1088 2515 ex
1132 2448 1380 2517 diverso
1445 2448 1568 2536 τὴν
1602 2442 1994 2535 Ἡράκλειον
2037 2449 2271 2532 ἔξοδον
2313 2453 2401 2521 ib.
2443 2453 2547 2537 51,

297 2556 475 2641 quod
494 2555 901 2622 Hermannus
945 2552 1159 2618 invitis
1201 2551 1381 2618 libris
1426 2552 1494 2616 in
1529 2547 1936 2637 Ἡρακλείαν
1977 2556 2252 2624 mutavit
2291 2563 2551 2641 propter

299 2660 574 2728 similem
640 2656 965 2740 sequentis
1018 2656 1187 2723 vocis
1242 2654 1486 2721 exitum
1548 2660 1617 2722 et
1678 2657 1831 2739 quia
1870 2656 2173 2749 femiuina
2211 2658 2417 2728 forma
2456 2661 2548 2727 le-

287 2769 493 2848 'gatur
534 2763 601 2830 in
643 2781 701 2828 v,
724 2759 869 2833 576.
958 2759 1097 2825 Hoc
1137 2762 1352 2825 tamen
1396 2758 1599 2825 altero
1640 2760 1777 2826 loco
1821 2778 1899 2827 ea
1939 2765 2146 2832 metro
2187 2764 2549 2830 necessaria

291 2872 427 2949 est,
469 2863 978 2938 homoeoteleuta
1002 2862 1466 2944 autemipoetae
1510 2862 1620 2943 illi,
1666 2881 1861 2945 quum
1903 2861 2087 2931 facile
2133 2865 2383 2932 evitare.
2400 2884 2547 2948 pos·

217 3045 222 3050 ,
295 2974 465 3050 sent,
509 2967 905 3035 admiserunt
946 2963 1072 3031 non
1113 2983 1300 3045 raro;
1343 2981 1543 3047 quare
1587 2983 1696 3031 eos
1739 2964 1858 3054 τὴν
1887 2961 2288 3053 Τυνδάρειον
2331 2971 2546 3038 παῖδα

299 3072 554 3141 Thesm.
600 3069 744 3150 919,
792 3066 999 3156 ὕδραν
1044 3066 1255 3136 ἕλειον
1297 3067 1486 3136 Herc.
1538 3064 1678 3148 150,
1723 3082 1849 3134 non
1892 3085 2016 3151 quo
2061 3072 2319 3138 suavius
2362 3090 2546 3139 sona-

297 3179 463 3256 rent„
508 3172 840 3255 scripsisse
881 3172 1156 3239 arbitror
1154 3223 1195 3289 ³„
1251 3170 1368 3237 sed
1408 3171 1562 3253 quia
1601 3169 1767 3236 forte
1806 3171 1874 3237 in
1914 3175 2283 3242 memoriam
2323 3175 2547 3243 radiis»
2626 3247 2631 3252 ,
2730 3139 2737 3144 ἦ

303 3281 452 3346 sent
488 3272 821 3360 positionis
864 3275 1127 3342 alterius
1141 3324 1157 3356 ,
1223 3291 1415 3357 quam
1459 3290 1653 3355 saepe
1694 3278 1970 3341 metrum
2011 3276 2225 3359 exigit.
2270 3314 2369 3358 ——p
2413 3277 2548 3346 Nec

297 3399 455 3457 &vero
497 3378 946 3463 praetereundi
991 3383 1141 3444 sunt
1203 3377 1737 3461 pronominum
1804 3378 2351 3461 personalium
2415 3380 2546 3447 da-

442 3638 501 3701 5)
515 3640 600 3693 De
625 3639 1004 3707 monosyllabis
1021 3640 1128 3693 huc
1143 3638 1328 3692 referri
1345 3643 1519 3705 potest
1535 3636 1755 3705 simplex
1792 3629 1877 3706 ἄγ’
1908 3624 1964 3689 ’ὦ
2000 3635 2190 3710 γεραιὲ
2226 3634 2383 3706 ποὺς,
2420 3657 2550 3695 νεα-

290 3729 420 3786 plac
453 3726 620 3794 γενοῦ
654 3728 751 3779 Ion
787 3722 918 3780 1041
961 3732 1016 3778 et
1049 3727 1394 3794 compositum
1429 3719 1600 3794 πάτερ
1654 3720 1954 3793 ταλαίπωρ’
2001 3723 2283 3792 Οἰδίπους,
2342 3714 2549 3796 πύξιγοι

295 3811 410 3882 μὲν
446 3813 500 3866 οἳ
533 3841 601 3854 --
638 3812 774 3867 Oed.
792 3811 1034 3866 0.1ι1.-
1054 3812 1164 3865 Cur
1197 3811 1488 3878 Sophocles
1508 3811 1640 3866 Οοᾶ.
1658 3809 1814 3865 Τ.84
1847 3813 1905 3863 in
1940 3825 2163 3866 caesura
2199 3812 2394 3866 senarii
2432 3808 2543 3884 τάχ’

297 3894 623 3967 εἰσόμεσθα·
661 3892 968 3969 ξύμμετρος
1000 3893 1110 3967 γὰρ
1147 3927 1213 3939 -
1251 3899 1482 3952 scribere
1515 3900 1763 3953 maluerit
1804 3914 1961 3966 quam
2016 3893 2361 3971 σύμμετρος,
2414 3901 2549 3953 Her·

295 4002 527 4040 mannus
563 4001 817 4039 caesurae
850 4001 970 4037 cum
1005 3987 1426 4053 interpunctione
1468 3988 1782 4040 coniunctae
1816 3986 2150 4040 tribuendum
2185 3992 2381 4054 censet,
2416 3978 2548 4039 alibi

298 4073 442 4125 enim
475 4077 598 4138 post
629 4071 818 4123 breves
854 4070 1087 4137 syllabas
1118 4064 1221 4121 σύν
1257 4072 1550 4138 scripsisse.
1622 4074 1728 4126 Sed
1761 4073 1818 4125 id
1853 4088 2065 4141 quoque
2094 4075 2307 4125 minime
2343 4079 2542 4126 certum

299 4171 422 4212 esse
458 4156 742 4216 ostendunt
776 4158 1018 4225 exempla
1050 4157 1118 4209 ab
1136 4157 1404 4210 Ellendtio
1441 4159 1663 4211 collecta
1694 4160 1827 4212 Lex.
1863 4159 1927 4212 Τ.
1964 4160 2017 4211 11
2055 4154 2175 4213 760.
2247 4161 2425 4222 Quare
2444 4174 2546 4226 ego

293 4247 353 4298 in
389 4244 495 4297 bac
528 4244 895 4312 ambiguorum
909 4244 1217 4297 recensione
1233 4244 1443 4298 illarum
1460 4246 1720 4297 rationum
1737 4250 1978 4298 neutram
1996 4244 2230 4298 adhibui.
2268 4243 2333 4294 cf.
2355 4242 2545 4296 Masth.

296 4332 374 4385 ad
403 4330 645 4386 Phocus.
679 4329 803 4386 5³5.
887 4366 905 4381 .
