2946 4928
428 322 544 389 DE
592 321 1079 404 sYNAEREsL
1124 321 1526 408 Dmnnnffl
1565 324 1686 389 eto.
1750 320 1820 390 P.
1843 321 1926 388 11.
1972 319 2144 389 dn„
2173 271 2246 407 ς.
2270 319 2328 389 5.
2397 319 2520 390 113

275 488 480 556 moria
522 484 807 566 affinium
870 490 1267 575 κακοῦργος,
1338 485 1670 573 θεουργός
1713 491 1830 552 etc.
1895 504 2012 570 pro
2066 479 2358 575 ὖπεργός
2423 485 2524 570 (ut

277 585 619 676 συνεργός)
663 608 778 672 per
822 591 1273 674 synecdromen
1317 591 1702 672 surrepserit
1742 585 2094 677 ὑπουργός.

449 692 620 758 Num
655 696 725 766 ἴε
766 694 833 758 in
879 697 949 766 23
987 696 1275 762 contrahi
1317 695 1537 778 possit,
1603 694 1837 776 pendet
1880 712 1958 759 ex
2001 692 2522 774 interpretatione

278 796 654 863 Homericae
720 798 890 863 vocis
937 799 1284 867 λωτεῦντα.
1415 798 1494 863 Id
1557 795 1840 862 nonnulli
1899 796 2303 877 participium
2346 796 2524 862 verbi

283 899 510 968 λωτέω
533 919 675 967 esse
698 901 1035 967 voluerunt
1053 907 1128 968 ut
1154 903 1521 979 καλεῦντες.
1591 897 1709 965 Cui
1733 917 1925 980 quum
1955 899 2173 979 plures
2193 897 2524 963 obstarent

279 1004 591 1085 rationeS‚
659 1022 818 1086 quas
882 1005 948 1069 in
982 1004 1255 1071 Elemm.
1300 1004 1335 1069 I
1378 1002 1504 1071 518
1550 1001 1838 1085 exposui,
1906 1002 2014 1067 alii
2055 1020 2171 1083 pro
2216 1000 2525 1072 adiectivo

280 1102 613 1172 λωτόεντα
659 1106 1036 1188 habuerunt,
1083 1107 1260 1172 cuius
1306 1107 1465 1172 duas
1511 1101 1761 1172 'vocales
1804 1107 1867 1178 ΕΞ
1895 1106 1963 1174 in
1987 1111 2056 1178 ἐἴ
2082 1105 2522 1186 transpositas

278 1207 396 1273 has
443 1212 658 1273 autem
702 1211 769 1275 in
812 1211 874 1281 ἷυ
920 1208 1223 1276 conflatas
1268 1228 1428 1275 esse.
1539 1208 1754 1275 Missis
1800 1209 2171 1292 ambagibus
2214 1207 2523 1290 Didymus

280 1310 367 1376 ad
408 1310 539 1375 XII
581 1311 706 1379 283
745 1307 1180 1399 Ἀρίσταρχος
1226 1311 1339 1378 διὰ
1385 1318 1499 1379 τοῦ
1545 1315 1633 1396 ἆῐῖ,
1704 1312 2111 1393 adiectivum,
2169 1316 2242 1377 ut
2284 1307 2521 1393 opinor,

282 1412 643 1495 significans
686 1420 761 1480 ut
803 1411 1105 1482 κνώδαλα
1154 1417 1525 1501 πτεροῦντα
1573 1414 1881 1497 Aeschyl.‚
1950 1415 2049 1480 cui
2093 1412 2250 1479 nihil
2294 1411 2523 1494 opponi

277 1521 495 1598 potest
535 1522 792 1598 praeter
836 1518 1004 1599 quod
1045 1516 1362 1582 Homerus
1408 1518 1487 1583 de
1531 1536 1758 1600 magno
1800 1517 2027 1582 horum
2072 1515 2522 1584 adjectivorum

277 1638 545 1685 numero
589 1621 831 1685 nullum
876 1620 1131 1686 exhibet
1174 1625 1584 1686 contractum.
1672 1620 2145 1686 Aristarcheam
2186 1618 2522 1686 lectionem

276 1723 575 1805 probavit
636 1723 996 1802 BekkeruS‚
1067 1723 1336 1788 alteram
1380 1717 1763 1788 DindorfiuS.
1897 1722 2150 1788 Tertiae
2195 1720 2522 1787 cuiusdam

278 1827 635 1908 scripturae
679 1844 793 1907 per
837 1827 1150 1909 synizesin
1192 1826 1549 1894 efferendae
1582 1824 1911 1893 λωτόεντα
1932 1844 2119 1891 nemo
2140 1825 2523 1890 mentionem

277 1929 513 1994 iniecit.
605 1927 732 1993 Sed
772 1930 840 1993 in
862 1929 1121 1995 Pindari
1162 1928 1317 1995 loco'
1344 1930 1493 1996 libri
1537 1929 1758 2011 optimi
1785 1928 2097 2022 praebent
2124 1928 2523 2011 trisyllabum

283 2030 656 2116 φωνάεντα,
706 2033 875 2114 quod
915 2034 983 2097 in
1024 2033 1167 2098 aliis
1213 2036 1562 2122 φωνοῦντα
1606 2032 1928 2114 sonantia,
1975 2032 2162 2114 vulgo
2208 2033 2519 2120 φωνᾶντα

284 2156 517 2198 sonora
562 2134 875 2202 scribitur.

454 2236 571 2302 111.
662 2240 748 2322 ’ἱῖη
816 2239 883 2304 in
941 2239 994 2323 ἦ·
1057 2257 1428 2305 conversum
1502 2256 1619 2319 per
1692 2257 1909 2303 omnes
1976 2255 2161 2304 casus
2227 2236 2524 2302 exhibent

283 2339 584 2408 feminina
627 2341 1078 2408 adiectivorum
1121 2341 1775 2423 multiplicativorum:
1824 2336 2031 2426 ἁπλῆ,
2071 2342 2297 2426 διπλῆ,
2344 2340 2521 2405 cuius

282 2443 483 2511 forma
524 2444 773 2527 integra
817 2445 1122 2519 diastolae
1168 2461 1362 2510 causa
1405 2443 1800 2511 substantivo
1822 2445 2072 2512 mansit.
2091 2483 2163 2494 -—-
2181 2444 2524 2511 Praeterea

279 2568 408 2613 una
449 2567 571 2613 vox
612 2548 737 2614 huc
781 2549 1037 2614 aberrat
1080 2553 1147 2613 et
1190 2566 1267 2613 ea
1310 2548 1657 2628 composita
1670 2597 1685 2627 ‚
1753 2565 1946 2629 quam
1986 2566 2102 2612 nos
2146 2548 2400 2630 quidem
2446 2566 2523 2612 ex

281 2670 406 2717 uno
450 2650 873 2733 Aristophane
919 2651 1233 2733 cognitam
1275 2650 1600 2729 habemuS,
1672 2650 1786 2715 sed
1828 2651 2222 2732 grammatici
2265 2651 2522 2733 saepius

280 2758 586 2820 tractant:
635 2779 994 2842 πρηγορε
1012 2750 1113 2819 ὠν
1159 2747 1195 2818 ὃ
1234 2749 1476 2836 λαιμός
1500 2754 1685 2840 παρὰ
1711 2751 1784 2818 τὸ
1811 2757 2211 2841 προαγεῒραι
2235 2753 2350 2841 τὴν
2372 2779 2521 2840 τρο-

282 2856 433 2943 φὴν,
507 2851 598 2934 ὡς
634 2852 1078 2934 Ἀπολλώνιος
1146 2854 1321 2939 λέγει
1390 2854 1615 2919 Zonar.
1687 2853 1851 2920 1572
1918 2861 1984 2923 et
2048 2857 2269 2922 eodem
2335 2856 2521 2921 modo

279 2957 589 3041 Didymus
632 2960 699 3025 in
743 2960 934 3026 schol.
980 2958 1062 3024 ad
1091 2956 1245 3022 Avv.
1273 2955 1457 3022 1113.
1547 2955 1779 3022 Utrum
1821 2976 1969 3022 vero
2016 2958 2066 3057 ξ’
2096 2960 2328 3048 μικρὸν
2374 2964 2522 3025 ante

283 3067 388 3128 eta
432 3067 767 3141 exemtum,
833 3079 916 3126 an
958 3078 1104 3125 cum
1148 3077 1222 3152 eo
1264 3060 1332 3126 in
1373 3079 1567 3125 unam
1612 3060 1921 3142 syllabam
1964 3061 2293 3128 confusum
2336 3066 2521 3143 puta-

281 3165 503 3245 verint„
548 3183 674 3229 non
716 3162 1123 3245 patefaciunt.
1214 3161 1535 3245 Syncopae
1581 3162 1834 3245 quidem
1878 3164 2260 3232 advervatur
2301 3165 2524 3246 regula

283 3265 567 3349 Apollon-
612 3267 770 3333 Adv.
815 3266 942 3332 586
988 3267 1063 3332 τὸ
1111 3263 1265 3354 πρό
1313 3261 1433 3333 οὐκ
1483 3261 1859 3350 ἀποβάλλει
1905 3263 1984 3334 vo*
2029 3270 2073 3339 ο-
2112 3267 2521 3356 ἐπιφερομέ-

282 3395 389 3436 νου
457 3365 863 3458 φωνήεντος,
930 3387 1079 3433 nam
1142 3373 1255 3434 aut
1317 3369 1568 3449 integra
1631 3376 1987 3451 permanet:
2059 3371 2343 3456 προέχω,
2411 3374 2524 3432 aut

283 3472 699 3538 contrahitur:
749 3463 1039 3559 nQoiJ‘xw.
1126 3470 1348 3553 Neque
1392 3474 1609 3536 tamen
1648 3472 2024 3537 vocabulum
2065 3472 2357 3554 populari
2387 3490 2521 3536 ser-

282 3576 451 3643 moni
492 3574 819 3657 proprium
862 3575 1290 3656 scrupulosius
1334 3575 1680 3640 taxandum
1722 3575 1973 3642 videtur
2018 3573 2181 3659 [Vol.
2226 3574 2259 3639 I
2303 3572 2476 3658 296}

452 3678 576 3744 Pro
615 3682 686 3765 ἦ
730 3678 996 3759 simplex
1031 3680 1091 3748 ἶ
1126 3666 1441 3760 accipiunt
1484 3682 1772 3761 tempora
1792 3679 2095 3744 nonnulla
2114 3678 2309 3757 verbi,
2354 3677 2522 3743 unde

282 3800 510 3848 nomen
573 3782 765 3865 piscis
827 3780 972 3865 βῶξ
1036 3781 1179 3846 duci
1245 3780 1437 3846 soleti
1503 3785 1725 3866 βῶσαι
1768 3782 2087 3862 Aristoph.
2154 3786 2221 3846 et
2265 3778 2519 3858 Gratim,

284 3881 556 3974 ἐβώσθη
622 3884 856 3951 Herod.
903 3901 1048 3949 cum
1089 3882 1391 3948 derivatis
1439 3880 1860 3972 ἀστυβοώτης
1903 3884 2116 3966 Hom,
2184 3881 2523 3968 ἐπίβωτος

285 3992 349 4052 et
414 3987 789 4075 περίβωτος
831 3987 1022 4052 Anth.
1130 3984 1374 4050 Eadem
1439 3983 1643 4052 forma
1706 3987 1917 4053 haesit
1963 3986 2157 4055 verbo
2202 3986 2285 4051 ad
2330 3985 2521 4067 signi-

283 4088 637 4160 ficationem
682 4089 1024 4157 auxiliandi
1066 4088 1377 4155 translato
1421 4093 1662 4171 βῶσαι,
1725 4091 1893 4173 quod
1940 4089 2167 4155 Suidas
2211 4090 2521 4169 interpre-

284 4197 455 4262 tatur
497 4198 842 4283 βοηθῆσαι
858 4245 874 4276 ,
937 4197 1004 4258 et
1045 4192 1191 4259 hinc
1233 4189 1597 4258 transfluxit
1639 4192 1722 4257 ad
1763 4198 2040 4282 βοηθεῖν
2104 4194 2312 4273 ipsum
2355 4189 2520 4254 voci-

284 4293 527 4365 ferandi
570 4298 823 4363 notione
865 4298 1118 4380 penitus
1165 4302 1455 4379 exutum3
1501 4297 1712 4365 Ionice
1757 4301 1930 4363 certe
1972 4303 2073 4377 βω
2083 4298 2229 4442 9ng
2274 4292 2521 4373 dicitur,

383 4400 624 4449 Lobeck,
647 4399 819 4445 Pathol,
847 4399 900 4438 11.
