2946 4928
384 348 477 417 VI
1264 345 1764 414 PRAEFATIO.

383 512 528 577 ticis
591 510 940 577 tractandis
981 514 1337 591 versantur,
1383 511 1837 592 complecterer
1879 527 2123 589 omnes,
2177 509 2532 591 quicunque
2576 507 2642 573 in

380 632 500 697 hoc
542 631 703 697 libro
748 631 851 696 vel
893 630 1314 696 emendantur
1354 631 1457 696 vel
1502 630 1895 711 explicantur
1936 630 2039 694 vel
2083 629 2165 694 ad
2198 629 2638 711 quaestionem

381 752 775 834 propositam
817 750 1260 816 illustrandam
1304 749 1702 815 adhibentur.
1749 774 1766 791 -’

550 871 782 936 Restat
844 874 919 935 ut
980 889 1144 952 quae
1213 869 1343 934 iam
1407 887 1575 934 nunc
1638 869 1740 934 vel
1803 888 1943 934 meo
2007 868 2109 934 vel
2165 866 2637 948 typothetarum

387 1009 602 1057 errore
644 994 909 1073 peccata
953 988 1341 1071 deprehendi
1385 989 1759 1070 corrigenda
1798 1006 2145 1070 proponam
2189 987 2438 1053 omissis
2472 1004 2637 1065 quae

381 1110 615 1175 nemini
660 1109 876 1175 fraudi
918 1107 1052 1174 fore
1099 1127 1284 1192 spero
1328 1107 1593 1173 talibus:
1642 1104 1910 1193 ἡμισέες
1954 1115 2042 1189 (p.
2086 1107 2170 1173 57
2219 1107 2375 1189 ex.)‚
2444 1103 2636 1192 ἐρχῆν

382 1231 473 1312 (p.
523 1227 666 1296 194.
719 1227 850 1313 16),
899 1224 1203 1316 οἷ’θησθα
1247 1229 1336 1311 (p.
1382 1227 1527 1295 268.
1578 1227 1705 1310 15).

465 1349 535 1414 P.
582 1348 621 1414 6
665 1369 724 1415 v.
769 1347 811 1414 6
856 1368 1006 1417 scr.:
1052 1347 1282 1414 Parall.
1327 1346 1413 1412 88
1459 1364 1554 1429 sq.

469 1469 537 1534 Ρ.
585 1468 667 1534 37
713 1489 769 1536 v.
817 1471 858 1534 2
903 1468 982 1534 ab
1027 1487 1121 1534 ex.
1169 1486 1319 1533 scr..
1365 1463 1545 1554 δῄων
1588 1484 1733 1546 pro:
1780 1463 2004 1552 δηΐων.

465 1590 534 1655 Ρ.
579 1588 665 1654 48
707 1610 766 1655 v.
810 1588 853 1654 4
899 1587 978 1654 ab
1025 1605 1122 1653 ex,
1166 1605 1318 1653 scr.:
1367 1581 1743 1663 ἀπεσόϊξε.
1831 1572 1836 1573 ἦ

465 1704 1648 1790 Ρ.7ον.89.1)θΧ.801·.;α-ηἰηῖ,

465 1827 533 1893 Ρ.
584 1827 705 1894 103
750 1847 810 1893 n.
856 1829 897 1892 2
941 1845 1090 1907 pro:
1132 1825 1340 1907 Epim.
1382 1823 1450 1888 II
1494 1841 1644 1891 scr.:
1692 1820 1914 1888 Choer.
1959 1821 2135 1888 Orth

466 1946 626 2012 Tota
650 1947 909 2028 plagula
939 1945 1033 2010 XI
1079 1965 1140 2026 p.
1178 1941 1513 2009 161-176
1559 1961 1686 2006 non
1712 1941 1919 2023 Cap.1
1967 1942 2167 2025 (Part.
2192 1942 2225 2006 Ι
2267 1941 2433 2006 Diss,
2463 1940 2617 2022 VII)

637 2067 752 2131 s'ed
796 2066 932 2130 eius
990 2065 1158 2146 quod
1212 2065 1380 2129 inest
1424 2061 1668 2142 Capitis
1712 2062 1779 2127 II
1835 2063 2022 2128 titulo
2066 2059 2469 2126 inscribenda
2512 2063 2629 2123 est.

462 2185 532 2249 Ρ.
583 2185 702 2250 177
751 2185 894 2250 adn.
938 2184 1164 2249 melius
1211 2187 1351 2248 erat
1396 2184 1711 2249 omittere.

463 2304 532 2368 P.
577 2304 701 2369 207
746 2324 804 2370 V.
848 2303 887 2369 3
937 2304 1088 2369 del.:
1134 2309 1201 2369 et
1244 2301 1419 2367 Suid.
2485 2360 2488 2365 ,

463 2423 532 2489 Ρ.
579 2424 706 2491 226
754 2444 814 2492 v.
861 2425 898 2490 7
943 2442 1088 2506 pro:
1133 2422 1339 2505 Epim.
1385 2421 1452 2488 11
1502 2420 1624 2487 127
1671 2439 1818 2487 scr.:
1867 2420 2073 2486 Cram.
2117 2420 2235 2485 An.
2281 2418 2348 2484 H
2392 2418 2541 2487 427.

460 2543 529 2608 Ρ.
577 2542 723 2611 230.
776 2544 851 2609 17
898 2562 1042 2609 scr.:
1088 2543 1271 2608 Dion.
1317 2541 1533 2624 Comp.
1580 2559 1633 2608 c.
1677 2540 1769 2605 VI
1811 2559 1954 2622 pro:
1998 2539 2138 2605 VII.

460 2663 528 2727 P.
575 2663 700 2730 255
745 2682 803 2728 v.
852 2662 933 2728 18
977 2663 1131 2728 del.:
1177 2667 1244 2727 et
1285 2661 1681 2726 EustathiuS.

460 2782 530 2848 P.
577 2784 704 2848 272
747 2802 805 2848 v.
851 2782 934 2848 22
980 2799 1127 2848 scr.:
1173 2781 1410 2848 Anecd.
1459 2780 1703 2845 Gram.
1748 2780 1839 2845 IV
1887 2778 2027 2844 171.
2072 2777 2131 2844 4.

462 2902 531 2966 Ρ.
576 2901 704 2966 288
747 2922 805 2967 V.
857 2901 933 2966 17
980 2920 1143 2968 scr.:>
1178 2900 1616 2967 barbarismis
1666 2938 1739 2948 -—
1790 2900 1876 2967 ib.
1924 2920 1977 2965 V.
2000 2900 2085 2965 20
2130 2917 2276 2965 scr.:
2324 2900 2457 2966 τὸν
2503 2898 2620 2966 θα)

633 3022 745 3087 καὶ
789 3019 910 3098 τὰς
953 3021 1112 3105 avr).

459 3141 530 3207 P.
576 3139 702 3207 316
746 3160 804 3206 v.
851 3140 888 3203 7
936 3140 1016 3206 ab
1061 3158 1154 3205 ex.
1201 3157 1349 3205 scr.:
1396 3141 1592 3206 Prisc.
1639 3140 1731 3207 VI
1775 3139 1834 3205 5.
1880 3138 2049 3205 234.
2180 3227 2184 3229 ⁷

459 3262 529 3328 P.
576 3258 703 3326 346
745 3280 800 3327 v.
849 3258 928 3325 13
974 3258 1054 3325 ab
1101 3277 1200 3327 ex..
1244 3277 1396 3326 scr.:
1440 3260 1672 3343 Phryn.
1712 3279 1773 3342 p.
1820 3259 1967 3325 207
2015 3277 2107 3340 sq.

545 3387 1031 3497 Regimontii
1088 3415 1623 3481 Borussorum.

1746 3642 1752 3648 ¹
1863 3571 1921 3632 (2.
1963 3570 2019 3631 Ι.
2063 3568 2141 3634 W.
2185 3567 2451 3632 nuella.
