2946 4928
350 452 357 457 Ι
477 354 594 420 DE
642 350 1574 463 SYNAERESI,·1)1AERESI
1616 362 1733 422 eto.
1801 357 1869 422 P.
1892 357 1941 422 1.
1989 357 2126 423 (21.
2174 359 2227 443 g,
2259 360 2310 425 1.
2471 362 2511 426 ’τ

257 514 527 605 Ἀΐδης,
597 519 774 584 cuius
814 518 1020 600 prima
1062 504 1296 584 vocalis
1345 519 1412 583 in
1454 519 1742 611 versibus
1784 520 2054 586 heroicis
2120 528 2187 587 et
2228 524 2513 591 iambicis

266 639 466 703 saepe
508 622 892 710 producitur,
937 641 993 685 v.
1041 619 1311 686 Meinek.
1358 621 1441 685 ad
1486 621 1829 688 Gholiamb.
1869 621 2007 688 143.
2096 624 2193 689 Ex
2235 625 2354 691 hoc
2397 627 2512 709 igi-

267 718 393 789 tm·¹
426 720 612 813 ’ᾅδης
672 728 896 788 natum
961 722 1129 789 κατὰ
1197 721 1571 808 συναίρεσιν
1636 726 1851 792 addito
1906 728 2094 792 Simul
2152 728 2378 809 Spiritu
2441 732 2514 794 ut

270 822 501 912 ἠέλιος
544 823 728 911 ἥλιος
769 825 949 891 Eust.
1001 823 1098 905 16,
1142 826 1242 891 28.
1332 826 1468 891 Hoc
1510 827 1889 908 bisyllabum
1945 830 2094 911 quia
2154 831 2234 895 ab
2278 831 2510 896 Home-

267 930 407 994 rica
470 929 921 995 consuetudine
987 929 1261 993 alienum
1330 933 1457 1008 est,
1521 929 1925 995 Hermannus
1979 933 2333 997 vocativum
2398 952 2513 1015 pro

271 1031 550 1114 spondeo
591 1033 658 1096 in
700 1031 1007 1114 principio
1049 1048 1271 1103 versus
1315 1032 1714 1114 positumH.
1759 1033 1838 1097 H.
1884 1034 1950 1097 in
1997 1031 2135 1098 Cer.
2175 1032 2308 1099 347
2357 1030 2513 1124 ἆΐόη

268 1133 692 1214 scribendum,
740 1135 854 1199 sed
888 1134 1133 1199 duabus
1166 1134 1423 1217 syllabis
1447 1136 1988 1216 pronunciandum
2012 1140 2246 1216 censet,
2286 1132 2516 1204 ’Λΐδω-

270 1233 421 1315 νεύς
463 1255 613 1302 vero
658 1236 811 1303 Oed.
860 1237 928 1305 C.
980 1226 1143 1302 1560
1187 1236 1392 1301 tribus
1436 1255 1552 1318 per
1597 1237 1912 1319 synizesin
1954 1236 2073 1302 hoc
2118 1243 2218 1302 est
2259 1240 2375 1319 ita,
2443 1246 2517 1306 ut

269 1358 478 1422 neque
520 1341 779 1422 propria
822 1340 1115 1405 audiatur
1138 1337 1561 1420 diphthongus
1578 1390 1592 1418 ‚
1638 1356 1843 1420 neque
1887 1356 2109 1405 rursus
2155 1340 2515 1425 impropria,

270 1443 391 1508 sed
434 1435 705 1523 utraque
749 1442 983 1507 vocalis
1028 1458 1214 1506 aures
1260 1441 1721 1522 quodammodo
1766 1440 2054 1521 attingat.
2144 1442 2354 1524 Atque
2398 1444 2519 1511 hac

267 1530 517 1611 ratione
563 1546 754 1609 etiam
802 1541 1031 1622 αἴσιος
1071 1543 1253 1609 Eum.
1281 1541 1428 1624 568,
1472 1543 1584 1609 ubi
1626 1544 1693 1608 in
1738 1543 2095 1609 scandendo
2138 1545 2517 1628 bisyllabum

269 1647 347 1714 fit
364 1699 380 1728 ‚
438 1647 838 1713 scribendum
881 1646 1128 1729 putavit
1172 1652 1435 1711 accentu
1490 1646 1557 1709 in
1601 1634 1943 1710 secundam
1986 1647 2270 1713 vocalem
2311 1653 2518 1715 trans-

269 1753 421 1829 lato,
462 1768 585 1831 quo
608 1755 897 1828 cavetur,
930 1767 1010 1813 ne
1045 1766 1188 1813 cum
1210 1747 1545 1814 Homerico
1581 1746 1815 1824 ἄϊστος-
1844 1746 2278 1814 confundatur.
2345 1750 2522 1817 Haec

176 1838 181 1841 ⁵
270 1855 484 1919 omnia
508 1853 596 1917 ab
628 1872 756 1917 una
791 1852 988 1933 stirpe
1002 1850 1187 1917 verbi
1215 1846 1376 1918 ἰδεῖν
1408 1849 1694 1933 profecta
1726 1855 1902 1930 sunt3
1948 1852 2134 1916 aliter
2157 1854 2518 1935 composita,

269 1976 435 2040 quae
484 1957 614 2022 iota
653 1954 997 2037 principale
1043 1952 1232 2035 alpha
1273 1954 1567 2034 negativo
1625 1953 1725 2019 vel
1759 1940 2121 2036 'copulativo
2165 1954 2520 2022 subiectum

270 2060 540 2139 hahent,
609 2058 997 2125 interserunt
1049 2075 1413 2122 consonam:
1494 2054 1786 2142 ἇνιέρυς,
1860 2054 2195 2135 ἆνίκανος,
2268 2051 2517 2137 ἷίνισος,

176 2158 181 2161 ’
274 2159 612 2243 ἀνιδρωτί,
657 2160 824 2242 quod
845 2178 1041 2225 unum
1061 2159 1421 2225 huiusmodi
1449 2159 1620 2241 apud
1640 2159 1987 2225 Homerum
2007 2160 2243 2241 legitur
2264 2167 2522 2242 praeter

277 2266 534 2332 Aeolice
579 2269 835 2329 aucvum
879 2260 1171 2344 αὖιάχος.
1209 2319 1216 2325 .

449 2383 564 2449 111.
654 2383 755 2447 Ad
801 2382 1167 2469 synaeresin
1210 2400 1325 2447 nos
1357 2386 1614 2447 revocat
1646 2380 1909 2447 verbum
1947 2400 2064 2464 per
2086 2383 2316 2448 multos
2341 2387 2522 2468 quasi

273 2508 486 2556 ramos
531 2485 826 2552 diffusum
873 2480 1107 2551 ἆΐσσω.
1185 2485 1501 2551 Homerus
1545 2483 1871 2567 trisyllabo
1914 2485 2130 2566 utitur,
2178 2486 2367 2569 alpha
2387 2488 2519 2569 ple-

273 2608 541 2675 rumque
586 2590 888 2673 producto
914 2589 995 2670 8)·,
1060 2588 1351 2670 idemque
1408 2591 1770 2653 constanter
1822 2570 2192 2668 producitur
2249 2590 2315 2652 in
2374 2589 2520 2655 sub—

276 2694 570 2762 stantivis
616 2685 826 2771 ὂὲϊᾱιες,
875 2687 1074 2758 ἀϊκαί
1116 2696 1182 2757 et
1224 2693 1289 2757 in
1335 2689 1695 2773 compositis
1740 2686 2006 2769 ιἰατάϊξ,
2055 2686 2345 2777 τριχάϊξ,
2391 2716 2517 2756 πο-

277 2793 504 2878 λυᾶἴξ,
563 2789 892 2880 κορυθάϊξ
933 2793 1370 2877 adverbiisque
1428 2789 1690 2879 ἆΐγδην,
1752 2787 2095 2878 ἇναΐγδην,
2155 2791 2521 2881 καταΐγδην.

276 2900 373 2965 De
416 2899 548 2963 iota
571 2897 827 2962 dubium
851 2901 966 2961 est.
1030 2895 1129 2960 Ex
1173 2914 1264 2976 eo,
1310 2895 1478 2977 quod
1520 2896 1866 2976 composita
1908 2895 1974 2960 in
2017 2895 2071 2973 ῑέ
2112 2896 2524 2978 penultimam

276 2995 466 3082 'vulgo
511 3004 761 3064 acutam
803 2997 1058 3078 habent,
1103 3000 1390 3081 sequitur
1431 3000 1687 3081 longum
1732 3015 1891 3079 esse,
1938 3000 2053 3064 sed
2081 2998 2412 3065 Bekkerus
2460 3005 2525 3065 et

276 3101 642 3170 Dindorfius
686 3101 1282 3188 properispomenon
1348 3101 1763 3166 reddiderunt
1829 3100 2150 3182 πολυᾶϊξ,
2217 3102 2350 3166 iota
2415 3107 2526 3167 aut

276 3212 508 3273 natura
570 3205 763 3270 breve
829 3222 987 3268 esse·
1038 3207 1358 3268 sumentes
1425 3207 1538 3268 aut
1602 3222 1678 3267 ex
1735 3202 2098 3267 charactere
2116 3252 2130 3281 ‚
2203 3204 2351 3284 quia
2369 3279 2374 3283 ⁴
2393 3208 2521 3268 ter-

279 3309 542 3376 minatio
584 3308 638 3386 2}
681 3308 874 3373 breve
918 3305 1154 3372 habere
1197 3306 1490 3385 traditur,
1535 3324 1591 3369 v.
1637 3304 1866 3369 Parall.
1891 3303 2036 3368 411.
2103 3303 2287 3367 Hanc
2331 3306 2522 3369 ratio-

278 3432 443 3492 nem,
487 3415 658 3493 puto,
704 3413 1010 3492 sequutus
1033 3406 1396 3474 Dindorfius
1417 3406 1873 3476 nominativum
1907 3405 2162 3487 quidem
2204 3405 2386 3468 illum
2432 3406 2524 3471 sic
2563 3481 2575 3489 ,

278 3523 353 3582 ut
396 3515 525 3581 dixi
568 3513 837 3589 notavit,
903 3493 1280 3576 infinitivum
1325 3513 1538 3573 autem
1605 3507 1671 3572 in
1715 3511 1985 3588 quatuor
2035 3507 2189 3573 locis
2233 3526 2357 3573 non
2371 3558 2385 3587 ‚
2453 3513 2526 3573 ut
2566 3537 2580 3545 x

280 3619 415 3698 ille,
463 3613 781 3695 ἐπαΐξαι,
827 3612 942 3679 sed
987 3610 1295 3695 ἐπαΐξαι,
1353 3612 1503 3692 quia
1546 3610 1611 3675 in
1654 3611 1772 3676 hoc
1819 3612 1982 3676 duae
2025 3610 2249 3677 literae
2292 3630 2418 3676 non
2459 3611 2525 3676 in

284 3879 442 3932 Pluto
479 3892 639 3943 saepe
671 3880 911 3942 vocatur,
945 3875 1259 3943 posteriores
1294 3876 1468 3926 autem
1505 3864 1640 3941 ᾅδης
1675 3872 2010 3926 substituisse
2041 3872 2153 3937 iota
2185 3871 2404 3926 licenter
2429 3872 2520 3923 ad-

279 3967 434 4018 iecto.
504 3964 626 4016 Hoc
661 3963 854 4029 effugio
906 3961 1037 4013 nihil
1082 3975 1217 4027 opus
1252 3948 1390 4026 crat,
1441 3959 1490 4012 si
1533 3960 1806 4012 statuisset
1839 3963 2052 4024 etymon
2087 3958 2377 4023 simplicius
2415 3949 2522 4023 ἔω,

276 4043 427 4120 χάω,
483 4048 625 4122 unde
652 4042 794 4115 χάος
825 4051 1055 4115 putatur,
1089 4062 1142 4101 v,
1176 4045 1420 4100 Rhomat.
1456 4060 1510 4110 p.
1545 4040 1596 4108 6,
1643 4050 1695 4097 et
1729 4040 1886 4109 ἀΐδης
1927 4049 1986 4096 ut
2034 4060 2068 4094 a
2101 4038 2227 4096 πάω
2264 4038 2527 4110 (acinum)

286 4133 658 4202 Πολυπαῖδης.

419 4238 477 4305 3)
511 4238 638 4291 EM.
672 4235 759 4290 43.
796 4235 846 4290 1.
883 4230 1057 4287 ἀΐσσω
1094 4228 1384 4300 &notavis-
1405 4217 1656 4285 ’πάντοτε
1688 4225 1912 4300 μακρὸν
1947 4228 2063 4298 ἔχει
2098 4253 2151 4265 -
2197 4244 2262 4300 ex
2289 4226 2526 4277 Philotae
2569 4276 2576 4281 ,

284 4328 560 4388 sententia,
598 4325 690 4391 qui
722 4337 819 4391 pro
854 4316 1071 4381 ὑπαΐξει
1106 4322 1162 4372 in
1194 4320 1300 4373 fine
1331 4335 1520 4374 versus
1556 4310 1820 4377 ὑπαλύξει
1851 4317 2045 4383 posuit.
