2946 4928
632 359 748 427 DE
790 358 1587 432 PROSGEEMATISMO.
1674 362 1744 434 P.
1767 361 1817 429 Ι.
1864 358 1931 430 Ο.
1954 360 2004 429 Ι.
2052 362 2107 448 ξ.
2138 359 2193 428 1.
2401 359 2526 432 163

280 530 499 592 tamen
562 524 659 596 ad,
712 524 901 594 aliam
965 524 1269 594 orationis
1332 530 1583 607 partem
1644 526 1921 609 pertinet
1965 523 2144 609 [Gap.
2189 524 2288 592 111
2333 525 2388 610 g.
2434 523 2523 611 3]‚

282 627 581 709 idemque
623 644 766 694 esse
809 628 1060 694 videtur
1083 627 1318 694 Od.lX
1338 625 1464 696 399
1511 623 1582 696 οἳ
1617 626 1705 717 ῥά
1751 654 1864 696 mv
1909 624 2124 716 ἀμφὶς
2148 625 2186 713 ΙΙ
2211 620 2521 716 ὤμων.-

285 730 764 819 Αᾶ11811110111111,
794 756 828 797 ο
846 728 926 796 ἴῖτ
943 757 995 796 ω
1010 757 1043 809 ς
1059 780 1078 810 ,
1148 733 1202 798 81
1255 733 1608 813 proximum
1655 751 1904 800 versum
1948 748 2221 798 consona
2264 731 2527 811 orditur,

288 834 493 915 sigma
534 834 799 901 omittit:
863 831 1037 900 οὕτω
1083 831 1120 919 ΙΙ
1168 838 1334 901 θῦνε
1406 835 1480 899 ll.
1535 835 1593 899 V
1643 835 1789 927 249,
1855 834 2016 910 XIII
2056 833 2182 899 225
2251 838 2318 900 et
2381 833 2527 914 309,

294 935 412 1002 Od.
452 936 542 1003 IV
587 936 731 1017 543,
776 936 934 1002 VIII
979 935 1123 1016 315,
1169 937 1323 1006 XIX
1374 938 1513 1018 128,
1559 957 1677 1003 1188
1718 939 1988 1008 mutavit
2029 935 2312 1016 Wolfi‘uS,
2359 937 2526 1001 Bek-

297 1038 488 1104 kerus
551 1059 697 1106 vero
764 1040 1084 1106 clausulae
1150 1039 1470 1116 velificans
1540 1040 1771 1132 ubique
1818 1038 2056 1118 οὕτως,
2126 1039 2294 1122 quod
2338 1041 2524 1122 vulgo
2651 1059 2656 1062 ·

194 1157 197 1162 “
293 1147 441 1207 ante
498 1143 777 1208 vocalem
831 1142 1149 1210 invenitur
1215 1150 1519 1225 sequente
1577 1161 2022 1225 nonnunquam
2089 1143 2315 1224 stigme
2380 1162 2525 1225 per-

288 1242 455 1309 fecta
497 1244 571 1309 Il.
616 1245 707 1311 VI
749 1244 853 1326 55,
901 1244 1018 1311 Od.
1062 1245 1219 1312 VIII
1266 1245 1390 1312 543
1458 1253 1524 1314 et
1568 1246 1784 1313 XVIII
1829 1245 1974 1326 255,
2037 1245 2330 1327 idemque
2373 1246 2526 1311 Hes.

288 1346 449 1428 Opp.
473 1345 621 1429 424,
669 1347 944 1430 Theogn.
980 1346 1125 1429 335,
1174 1347 1416 1418 Gallim.
1461 1350 1671 1432 hymn.
1694 1349 1896 1431 Apoll.
1921 1348 2023 1429 70,
2049 1347 2307 1414 Theocr.
2339 1348 2400 1413 X
2420 1350 2524 1430 22,

284 1449 510 1515 XXIII
548 1448 644 1531 14,
691 1450 899 1528 Quint.
942 1451 1068 1516 XII
1101 1449 1247 1531 299,
1305 1452 1500 1518 Arist.
1549 1452 1749 1520 Rann.
1811 1451 1993 1517 1531.
2092 1451 2167 1515 111
2210 1451 2526 1532 prioribus

283 1552 556 1634 pedibus
602 1554 917 1620 Homerus
962 1573 1156 1621 unum
1203 1550 1378 1620 οὕτω
1411 1554 1655 1636 probat,
1699 1555 1821 1619 nisi
1852 1554 2086 1620 vocalis
2134 1554 2419 1635 sequitur
2462 1560 2530 1620 et

283 1656 739 1738 interpunctio:
788 1656 1049 1724 ἔσσεται
1097 1655 1328 1735 οὕτως,
1379 1651 1546 1723 ὅπα
1571 1656 1687 1723 011.
1711 1656 1894 1722 XVII
1918 1653 2062 1721 599.
2092 1693 2162 1703 —
2194 1660 2279 1720 Μ
2290 1680 2427 1743 εση
2440 1653 2526 1741 γὺ
2609 1738 2622 1744 ‚

288 1764 356 1824 et
395 1786 442 1842 μ
460 1784 600 1846 aar]
615 1756 701 1845 γύ
717 1785 751 1838 ς
793 1761 959 1842 apud
984 1778 1130 1825 eum
1173 1761 1425 1842 saepius
1469 1760 1719 1843 legitur,
1764 1764 1953 1841 prout
1993 1763 2268 1824 metrum
2284 1759 2526 1840 poscit,
2619 1827 2624 1830 Α

288 1862 401 1930 sed
465 1862 532 1927 in
597 1863 768 1928 exitu
833 1861 1076 1951 μεσηγύ
1146 1867 1214 1928 et
1275 1863 1341 1928 id
1418 1867 1567 1928 ante
1624 1863 1903 1929 vocalem
1966 1861 2039 1926 Il.
2105 1861 2198 1925 XI
2262 1861 2390 1926 570
2456 1866 2530 1928 ut

287 1965 454 2046 apud
499 1965 771 2032 Aratum
835 1984 1082 2048 quoque
1124 1965 1371 2054 μεσηγὺ
1399 1965 1435 2051 Η
1463 1960 1778 2052 ὀρνιθέης
1821 1964 1964 2045 273,
2031 1983 2220 2047 quem
2260 1965 2527 2030 Vossius

287 2068 491 2150 sigma
534 2066 887 2134 detraxisse
931 2072 1163 2149 censet,
1192 2132 1197 2138 ,
1231 2069 1379 2151 quia
1443 2073 1577 2134 tres
1632 2087 1795 2150 quae
1841 2072 2193 2150 sequuntur
2233 2087 2418 2134 voces
2462 2069 2529 2132 in

287 2171 555 2238 eandem
601 2176 830 2237 exeant
871 2172 1151 2252 literam3
1198 2172 1313 2238 sed
1334 2171 1522 2236 huius
1549 2170 1923 2253 sigmatismi
1947 2173 2236 2253 exempla
2255 2172 2529 2253 plurima

287 2279 507 2344 extant
549 2279 617 2340 et
660 2274 1108 2354 illustrissima,
1156 2274 1234 2339 de
1280 2273 1508 2355 quibus
1554 2273 1677 2340 alio
1720 2275 1856 2340 loco
1887 2274 2123 2342 dictum
2146 2279 2246 2340 est
2267 2274 2530 2359 [Parall.

289 2377 436 2443 diss,
479 2378 573 2463 .1];
635 2396 841 2460 neque
904 2378 1089 2456 1111118Χ
1136 2395 1393 2442 causam
1443 2376 1668 2441 habuit
1708 2376 2047 2460 Dionysius
2091 2378 2335 2460 Perieg.
2379 2376 2525 2460 924,

288 2499 399 2547 cur
441 2482 692 2568 μεσηγὺ
715 2480 753 2567 ΙΙ
782 2479 1049 2549 εἱλεῖται
1094 2480 1437 2546 scriberet.
1508 2479 1740 2562 Sigma,
1799 2483 1968 2564 quod
2009 2474 2291 2551 codicum
2334 2484 2530 2565 aliqui

287 2584 622 2665 aliquoties
689 2584 1078 2667 subiungant
1130 2585 1612 2665 Brunckiusque
1672 2601 2120 2667 nonnunquam
2186 2584 2528 2669 euphoniae

286 2709 480 2751 causa
522 2688 772 2768 adiecit,
818 2688 1151 2754 Bekkerus
1198 2687 1472 2753 Homero
1518 2685 1641 2768 ipsi
1682 2684 2073 2766 gratificatus
2117 2693 2218 2753 est
2261 2688 2345 2772 [v.
2380 2689 2526 2756 Dis-

286 2796 436 2856 sert.
482 2790 640 2855 VIII
682 2810 817 2873 cap.
862 2791 928 2856 II
973 2791 1161 2876 ἓ.2].
1211 2828 1283 2837 -
1333 2790 1633 2854 Firmiter
1697 2788 1921 2855 haeret
1986 2783 2164 2875 ἄγχι
2209 2791 2248 2877 ΙΙ
2295 2790 2526 2881 ἕστηκε

284 2893 358 2959 11.
385 2894 445 2958 V
474 2892 614 2975 185,
662 2887 812 2978 ὄὶγχι
837 2891 874 2980 ΙΙ
901 2886 1073 2990 ἦλθε
1095 2893 1190 2959 XI
1212 2892 1337 2959 362
1383 2898 1450 2958 et
1492 2891 1717 2957 iisdem
1759 2891 1970 2957 verbis
2006 2892 2293 2975 QuintuS‚
2339 2914 2564 2978 quem„

284 2996 570 3079 Koechly
612 2996 971 3062 observavit
1011 3014 1325 3078 nusquam
1370 2990 1575 3079 ἀγχοῦ
1628 2995 1974 3077 scripsisse,
2019 2997 2052 3062 Ι
2103 2997 2222 3066 103
2290 3006 2355 3064 et
2398 2998 2527 3081 Op·

282 3100 512 3182 pianus
571 3118 819 3183 quoque
864 3091 1010 3184 ἷίγχι
1038 3097 1074 3186 ΙΙ
1100 3094 1254 3185 ἠΰτε
1298 3098 1441 3163 Hal.
1487 3097 1566 3162 II·
1597 3097 1741 3163 302.
1829 3099 2147 3166 Adverbio
2191 3102 2527 3182 spondaico

284 3204 489 3271 utitur
531 3203 863 3282 HomeruS‚
894 3202 1018 3288 ,ubi
1059 3201 1488 3268 necessarium
1532 3206 1647 3281 est,
1693 3202 1853 3267 utin
1874 3202 2179 3285 principio
2200 3223 2527 3270 versuum:

289 3302 488 3392 ἀγχοῦ
510 3303 924 3386 Κυκλώπων,
967 3311 1035 3370 et
1075 3306 1233 3371 illud
1275 3305 1466 3370 vicies
1489 3305 1830 3387 repetitum
1860 3299 2143 3387 o'cyxoB-‘d’
2169 3302 2525 3388 ἱστάμένος,

287 3410 636 3491 eademque
680 3409 926 3477 ratione
970 3408 1338 3490 Apollonius
1383 3412 1451 3473 et
1494 3407 1602 3475 alii
1644 3408 2065 3488 posteriorum
2122 3401 2325 3492 ἀγχοῦ
2372 3433 2527 3495 στη-

287 3512 488 3587 Mane,
559 3512 670 3577 sed
738 3505 917 3601 ὄίγχικ
954 3507 1330 3599 θαλάσσης·
1402 3510 1740 3593 Dionysius
1783 3528 1932 3579 vero
1987 3510 2184 3575 semel
2227 3511 2418 3577 etiam
2462 3512 2528 3578 in

285 3621 557 3682 exeunte
599 3633 789 3685 versu
832 3611 958 3678 728
1005 3607 1153 3697 ὂίγχι
1179 3612 1217 3701 ΙΙ
1243 3612 1594 3702 παραλίην.
1624 3651 1695 3663 --
1715 3605 1985 3700 ’Ἄφνω
2005 3631 2131 3679 non
2153 3616 2355 3682 solum
2379 3630 2528 3691 ante

286 3737 625 3785 consonam
668 3717 952 3800 Apollon.
996 3716 1097 3782 III
1130 3716 1273 3797 664,
1317 3716 1520 3782 Noun.
1544 3716 1671 3781 XII
1691 3715 1794 3797 56,
1840 3717 1961 3782 XX
1985 3715 2130 3796 336,
2177 3716 2289 3781 sed
2336 3715 2529 3778 etiam

288 3826 595 3903 sequente
638 3821 838 3887 vocali
881 3819 1063 3885 XLII
1105 3818 1231 3885 536
1299 3825 1366 3885 et
1409 3819 1692 3903 Apollon.
1737 3819 1827 3885 IV
1870 3819 1999 3885 580
2046 3814 2237 3908 ἄφνω
2262 3818 2300 3904 ΙΙ
2328 3815 2525 3900 ἴαχεν.

288 3941 412 4004 quo
455 3923 635 3997 hiatu
678 3922 953 3989 offensus
999 3923 1355 3989 Brunckius
1402 3924 1603 4005 sigma
1645 3924 1999 3989 inculcavit.
2107 3923 2320 4005 Epicis
2364 3923 2528 3987 anti-

289 4026 613 4109 quioribus
679 4031 975 4092 neutrum
1040 4027 1358 4107 cognitum
1422 4026 1619 4093 fuisse
1684 4027 1953 4093 videtur.
2024 4063 2097 4074 -—
2169 4025 2527 4091 Particulae

292 4121 375 4195 αὖ
452 4147 733 4211 propago
817 4123 1048 4211 duplex
1132 4147 1583 4211 nonnunquam
1663 4126 2116 4210 significatione
2185 4127 2527 4219 paululum

293 4230 520 4313 differt,
587 4232 744 4298 alias
807 4238 1011 4297 metro
1078 4233 1309 4301 Solum:
1384 4231 1496 4301 τὸν
1562 4227 1617 4300 δ’
1677 4224 1866 4299 αὖτε
1934 4232 2295 4319 προσέειπε
2370 4224 2527 4319 γυνή

1989 4349 2157 4421 11*
