2946 4928
906 322 908 326 ⁴
942 360 1588 442 1NO0NSTANT1A‚
1679 362 1714 446 g
1766 362 1818 428 1.
2384 359 2510 427 345

264 532 631 596 constanter
673 529 740 594 in
782 527 1088 594 omnibus.
1175 524 1264 590 Et
1305 526 1529 592 eadem
1574 525 1874 593 Themist.
1903 524 2009 592 Or.
2035 525 2285 593 XXXII
2307 522 2437 617 359
2454 524 2509 591 C

264 630 905 719 ἕδυσχέραινε’πρός
948 628 1064 715 τὴν
1105 625 1311 714 χρόαν
1359 667 1431 677 -
1486 625 1577 708 ὥς
1621 630 1696 697 δὲ
1740 628 2027 714 ἔμαθεν,
2077 625 2182 694 ὅτι
2227 623 2267 714 ἡ
2311 628 2509 716 χροιὰ

264 733 471 824 φύσις
513 726 614 821 ἦν,
659 735 973 799 Aretaeus
1002 730 1456 798 Morb.Ghron.
1502 732 1535 797 I
1585 731 1680 798 15.
1727 732 1848 797 117
1891 730 2084 820 χροιὴ
2110 728 2401 818 -χρόῃ,
2446 751 2503 797 v.
2637 788 2640 791 ,

265 838 353 902 ad
394 837 626 919 Phryn.
672 835 817 902 496.
847 872 917 881 —-
946 833 1127 899 Alius
1170 835 1439 902 nominis
1484 834 1752 902 formam
1795 855 1922 901 non
1944 835 2222 901 Atticam
2265 860 2300 899 ν
2316 859 2358 900 α
2374 858 2409 898 ο
2426 831 2462 901 ὑ
2478 858 2511 912 ς

268 944 417 1006 eum
464 939 675 1005 Attica
718 964 751 1001 ν
764 962 796 1004 ε
810 934 903 1016 ὠς
943 936 1315 1003 brevissimo
1359 938 1692 1004 intervallo
1735 939 1990 1004 miscuit
2020 937 2278 1003 Lucian.
2302 937 2510 1002 Prom.

264 1043 303 1128 ξ
357 1040 434 1107 14
478 1061 537 1123 p.
591 1040 752 1121 197,
809 1035 1124 1125 λαγωός
1166 1045 1233 1104 et
1276 1043 1389 1106 τοῦ
1427 1036 1649 1125 ,λαγώ
1690 1041 1984 1106 Philostr.
2031 1040 2268 1131 Imagg.
2314 1040 2380 1105 II
2424 1038 2508 1104 26
2590 1100 2599 1107 .

264 1165 330 1228 p.
377 1143 459 1210 95
504 1145 636 1210 Jae.
688 1182 758 1190 —
809 1143 1054 1223 Eadem
1097 1142 1396 1209 libertate
1442 1139 1910 1229 commutantur
1951 1143 2328 1224 particulae:
2385 1138 2506 1209 δύο

264 1253 581 1315 ποιοῦσιν
628 1242 758 1314 ἆεὶ
803 1245 920 1334 τὴν
943 1242 1141 1312 πόλιν
1169 1241 1531 1329 μαχόμενοι
1556 1250 1696 1324 τοῖς
1719 1242 2061 1334 εὖπόροις,
2112 1249 2214 1312 δεῖ
2256 1248 2330 1312 δὲ
2361 1241 2510 1312 τοῦ-

267 1350 535 1417 ναντιόῑν
582 1345 739 1416 αἰεὶ
789 1349 999 1434 λέγειν
1042 1343 1215 1435 ὑπὲρ
1239 1351 1365 1413 τῶν
1390 1342 1694 1436 εὐπόρων
1715 1346 2295 1444 Aristot.P91.V9.
2347 1347 2510 1414 1310

237 1460 307 1521 'a
352 1454 411 1535 5,
458 1455 535 1520 τὸ
578 1452 699 1537 μὲν
749 1447 981 1543 -Ιᾶεὶ
1027 1453 1210 1517 δοκεῖ
1253 1451 1584 1534 διαμένειν
1631 1484 1703 1500 ...
1735 1489 1814 1500 -
1841 1488 1924 1499 --
1969 1448 2103 1519 αἰεὶ
2169 1450 2314 1537 γὰρ·
2362 1447 2508 1517 ἐπί-

159 1580 172 1587 ‘
265 1580 473 1645 φυσιν
538 1553 859 1639 λαμβάνει
907 1554 1218 1636 Theophr.
1263 1553 1429 1619 HiSt.
1475 1555 1566 1635 Pl.
1613 1554 1646 1619 I
1697 1557 1747 1621 1.
1793 1555 1853 1620 2.
1921 1554 2086 1619 Item
2130 1553 2295 1619 VIII'
2333 1553 2391 1618 2.
2446 1552 2506 1618 5.

255 1656 432 1725 Ἐὰν
481 1658 616 1745 ,μὲν
692 1654 1060 1746 κολάσητεν,
1152 1654 1378 1736 δόξετε
1454 1654 1798 1745 σώφρονες
1873 1649 2041 1739 abac
2088 1656 2228 1734 ,καὶ
2314 1679 2506 1739 μισο-

262 1758 577 1850 πόνηροι,
649 1755 737 1825 ὃν
794 1757 851 1826 δ’
900 1756 1148 1846 ἀφῆτε,
1217 1752 1425 1835 ἄλλοι)
1489 1759 1667 1839 τινὸς
1714 1753 2042 1845 ἡττᾶσθαι
2090 1759 2415 1825 Demosth.
2461 1775 2511 1824 o.

262 1865 421 1931 Mid.
468 1863 613 1929 526.
658 1861 790 1928 218
830 1863 966 1941 Bk„
1012 1861 1139 1927 584
1188 1861 1261 1926 11
1308 1862 1402 1944 Β.,
1460 1865 1646 1930 πᾶσα
1693 1858 1996 1950 διήγησις
2039 1856 2118 1928 ὂῖν
2161 1861 2284 1945 μὲν
2351 1857 2507 1925 ἂνα-

264 1962 554 2044 παύσεις
597 1964 779 2042 τινὰς
812 1962 1132 2054 λαμβάνῃ,
1178 1963 1299 2043 τὰς
1341 1965 1564 2053 ψυχὰς
1607 1969 1737 2032 τῶν
1765 2003 1837 2014 —-
1870 1961 2077 2053 ἡδέως
2107 1961 2510 2051 διατίθησιν,

264 2068 386 2136 ἐὰν
431 2068 506 2136 δὲ
554 2105 625 2114 -
676 2069 862 2156 μένῃ,
913 2070 1112 2135 λυπεῖ
1154 2105 1226 2133 ε-
1278 2067 1533 2151 Dionys,
1577 2068 1781 2151 Epist.
1827 2070 1908 2135 de
1938 2068 2176 2135 Histor.
2220 2066 2321 2132 111
2366 2065 2508 2132 771.

266 2173 347 2238 15
394 2172 489 2251 R„
535 2171 654 2250 τὰς
701 2209 772 2218 -
822 2176 939 2258 τῆς
984 2174 1201 2260 ψυχῆς
1243 2172 1610 2253 διαθέσεις,
1660 2171 1772 2238 ἐὰν
1817 2164 1940 2238 ὦσι
1970 2170 2259 2258 μέτριαι,
2303 2169 2511 2257 μηδὲν

263 2273 443 2356 ἔχειν·
477 2275 668 2357 μέγα,
729 2267 810 2339 &tv
856 2273 928 2340 δὲ
991 2269 1494 2358 ὑπερβάλλωσι,
1563 2272 1884 2361 φορτικὰς
1951 2271 2316 2362 φαίνεσθαι
2359 2272 2511 2338 Plu-

264 2377 465 2444 tarch.
510 2375 653 2442 Non
699 2368 869 2441 suav.
914 2375 1034 2440 viv.
1064 2375 1241 2457 Epio.
1270 2361 1380 2440 'IX
1409 2374 1572 2441 1097
1619 2375 1676 2439 D
1723 2375 1812 2460 (p.
1858 2373 1941 2440 95
1989 2375 2057 2441 Τ.
2103 2376 2256 2441 XIV
2277 2375 2537 2459 Hutt.)‚.

158 2473 163 2478 ’
265 2500 436 2566 quae
476 2480 773 2546 Reiskius
818 2498 1173 2561 exaequare
1220 2480 1466 2545 studuit
1506 2485 1779 2561 utroque
1821 2480 1956 2545 loco
2022 2476 2132 2546 ἐάν
2198 2480 2506 2561 scribens;

264 2586 383 2652 sed
428 2583 859 2666 praetermisit
902 2582 1123 2648 eodem
1167 2583 1352 2649 modo
1385 2584 1654 2664 scripta:
1700 2577 1740 2669 ἦ
1790 2580 2079 2661 πεντὰς,
2104 2577 2184 2648 ἂν
2226 2581 2348 2665 μὲν
2394 2577 2507 2666 ἆρ-

263 2684 483 2764 τιάκις
528 2680 962 2772 λαμβάνηται,
1007 2684 1121 2751 τὸν
1168 2686 1329 2752 δέκα
1374 2692 1560 2755 ποιεῖ
1590 2687 1854 2760 τέλειον,
1903 2684 2018 2752 ἐὰν
2062 2686 2137 2752 δὲ
2182 2680 2507 2771 περισσά·-

264 2816 405 2870 κις,
477 2785 713 2855 ἑαυτὸν
760 2823 822 2835 -
887 2788 964 2852 de
1029 2787 1169 2853 Des.
1231 2788 1413 2855 Orac.
1456 2789 1734 2854 XXXVI
1774 2787 1900 2854 429
1947 2788 2004 2852 D
2051 2783 2137 2872 (p.
2195 2787 2321 2878 357
2379 2788 2507 2871 H.),

262 2889 556 2978 ἀγαθοῖς
599 2893 913 2975 γονεῦσιν,
962 2885 1173 2976 ἄνπερ
1197 2884 1346 2975 ὦσι,
1396 2887 1885 2979 πρόσπτυστον,
1932 2889 2046 2957 ἐὰν
2071 2892 2145 2958 δὲ
2168 2893 2507 2977 φαῦλοι-
2545 2910 2550 2915 ’

265 2996 345 3061 de
391 2995 452 3061 S.
498 2995 575 3059 N.
620 2993 695 3058 V.
740 2990 926 3060 XXII
972 2990 1095 3057 565
1142 2994 1216 3073 Β,
1286 2993 1436 3073 τοὺς
1480 2994 1717 3081 φίλους
1762 2990 2213 3076 καταισχύνει,
2283 2991 2392 3060 ἐάν
2437 3019 2508 3059 τε

268 3096 338 3164 ἐν
382 3093 651 3164 ἰδιώτου
682 3091 967 3181 σχήματι
1018 3094 1222 3184 λάβῃ,
1293 3089 1372 3162 ἶίν
1438 3122 1510 3163 τε
1555 3096 1623 3163 ἐν
1665 3097 1999 3180 βασιλέως
2041 3097 2161 3162 Dio
2207 3096 2351 3162 Chr.
2398 3095 2506 3162 Or.

268 3199 361 3265 IV
410 3198 547 3278 171,
593 3216 759 3281 quae
803 3198 1100 3263 Reiskius
1144 3199 1227 3265 ad
1270 3218 1462 3265 unam
1507 3201 1897 3282 eandemque
1940 3199 2208 3266 formam
2251 3219 2506 3266 revoca-

268 3302 378 3382 vit,
424 3306 490 3367 et
532 3302 878 3368 assentitur
919 3301 1257 3384 Emperius
1302 3322 1361 3385 p.
1407 3303 1491 3369 85
1506 3354 1521 3384 ,
1565 3322 1772 3385 neque
1816 3304 2037 3385 negari
2079 3301 2317 3385 potest,
2394 3303 2510 3389 hos

269 3423 486 3471 omnes
530 3405 730 3470 multo
777 3404 1042 3485 saepius
1079 3406 1260 3487 paria
1281 3424 1682 3487 componere:
1731 3402 1840 3473 ε’άν
1887 3431 1956 3472 τε
2003 3440 2085 3452 -
2133 3402 2248 3472 ἐάν
2293 3431 2362 3471 τε
2409 3405 2509 3470 vel

268 3500 346 3571 ἂν
390 3506 514 3589 μὲν
560 3544 636 3555 -·
688 3502 765 3571 ἂν
811 3507 886 3574 δὲ
944 3511 1062 3574 eto.
1093 3545 1163 3555 —-
1192 3508 1576 3575 Particulam
1622 3509 2036 3590 temporalem
2100 3508 2307 3574 variat
2358 3507 2506 3573 Plu·

267 3609 530 3675 tarchus
570 3611 651 3675 de
696 3609 1007 3675 Terrestr.
1051 3630 1132 3674 an
1185 3612 1414 3693 Aquat.
1461 3630 1511 3677 c.
1556 3612 1623 3677 H
1663 3609 1792 3677 960
1835 3611 1893 3675 Α
1937 3615 2066 3677 τῶν
2119 3610 2310 3693 χθὲς
2353 3605 2509 3695 ἡμῖν

268 3706 631 3796 γεγονότων
680 3747 747 3757 -—
805 3711 917 3778 καὶ
956 3713 1081 3797 γὰρ
1135 3713 1367 3795 ἐχθὲς
1433 3709 1526 3793 ὦς
1570 3706 1796 3782 οἶσθα.
1841 3750 1925 3761 ·-
1968 3713 2509 3795 Frequentissime

268 3818 482 3878 autem
524 3813 682 3881 haec
726 3816 959 3881 vocalis
1004 3815 1270 3882 fluctuat
1311 3817 1376 3882 in
1419 3817 1612 3883 verbo
1657 3816 1940 3883 volendi:
2008 3816 2164 3895 τοὺς
2216 3817 2337 3899 μὲν
2383 3842 2508 3884 πα-

267 3912 669 4000 ραδιδόντας
690 3918 786 4003 μὴ
824 3917 1134 3986 ἐθέλειν
1158 3917 1465 4004 ἐλέγχειν,
1493 3919 1649 3997 τούς
1679 3918 1752 3986 δὲ
1774 3918 1865 4005 μὴ
1893 3918 2290 3998 θέλοντας
2313 3916 2504 4006 ἀναγ-
2548 3948 2553 3952 ·

267 4015 489 4101 κάζειν
534 4019 769 4087 Andoc.
815 4020 895 4086 de
939 4007 1129 4103 Myst.
1173 4020 1273 4087 92.
1318 4023 1401 4087 22
1447 4022 1584 4101 Bk..
1638 4022 1734 4086 11.
1785 4020 1864 4085 12
1905 4020 1998 4100 R,
2045 4023 2160 4086 ven
2201 4023 2322 4104 μὲν
2391 4025 2506 4089 οέ-
2600 4036 2607 4040 ·

268 4121 468 4186 λοντα
515 4116 802 4197 ἀπιέναι,
849 4122 962 4187 τὸν
1008 4123 1081 4190 δὲ
1127 4122 1442 4190 ἐθέλοντα
1487 4126 1702 4207 μένειν
1744 4123 1906 4188 Xen.
1953 4124 2153 4189 Anah.
2197 4125 2253 4190 V
2300 4124 2357 4190 6.
2403 4126 2508 4207 20,

268 4242 535 4305 quorum
578 4225 1055 4306 participiorum
1097 4226 1293 4306 priori
1337 4227 1470 4292 cod.
1515 4227 1658 4291 Par.
1706 4227 1947 4309 epsilon
1992 4227 2238 4293 addidit
2280 4247 2320 4293 a
2343 4229 2505 4295 Zeu-

266 4326 372 4396 nio
416 4331 484 4396 et
524 4328 853 4416 Kruegero
897 4327 1301 4415 aequalitatis
1346 4346 1540 4395 causa
1590 4334 1945 4416 receptum3
2015 4333 2129 4398 sed
2192 4333 2506 4398 neminem
