2946 4928
413 324 541 393 236
695 377 702 386 .
1169 323 1729 393 DISSERTATIO
1773 326 1913 393 vn.

411 492 509 578 ᾗ,
558 490 851 571 idemque
892 489 1292 556 Herodianus
1338 490 1530 556 schol.
1574 491 1649 557 Il.
1692 491 1846 558 XIV
1868 489 1993 558 396
2036 490 2320 558 declarat
2342 492 2658 574 epectasis

411 594 680 679 nomine.
798 592 884 658 Hi
955 612 1328 675 pergravem
1399 594 1573 660 nacti
1645 599 1794 660 sunt
1866 612 2262 661 assensorem
2324 595 2662 665 Lehrsium

414 696 668 776 Quaest.
720 695 842 761 132
859 746 874 777 ‚
923 698 1304 764 contrarium
1351 702 1702 780 sequuntur
1747 698 2174 764 Buttmannus
2219 699 2255 784 ἓ
2304 699 2386 765 72
2431 698 2574 765 adn.
2597 696 2659 779 4,

414 798 838 882 Goettlingius
903 798 1158 865 Accent.
1227 799 1374 880 365,
1440 799 1730 866 Klotzius
1797 802 1880 867 ad
1943 801 2171 867 Devar.
2238 799 2367 866 296
2433 801 2663 867 horum

411 909 679 986 uterque
734 902 1003 968 eundem
1048 902 1447 985 Apollonium
1513 904 1733 969 testati
1797 905 1980 986 quasi
2045 905 2270 978 eadem
2328 905 2661 971 dicentem.

410 1007 500 1075 Et
538 1007 684 1073 huc¹
704 1011 924 1072 nostra
965 1022 1214 1087 quoque
1257 1005 1521 1072 inclinat
1565 1007 1909 1089 sententia,
1976 1008 2126 1090 quia
2169 1008 2413 1091 syllaba
2478 1027 2662 1092 epec-

410 1111 607 1177 tatica
644 1111 714 1194 35}
758 1108 910 1176 alibi
953 1113 1219 1191 apparet
1258 1128 1590 1190 nusquam.
1678 1110 1848 1193 Ergo
1893 1112 1984 1177 sic
2051 1112 2407 1192 statuimuS‚
2455 1109 2662 1197 ἔγωγε

412 1232 491 1281 ex
534 1213 779 1280 duabus
823 1215 1115 1277 constare
1158 1211 1479 1293 partibus3
1525 1214 1639 1279 sed
1684 1215 1832 1295 quia
1874 1215 2225 1296 particulae
2267 1215 2365 1280 vis
2404 1214 2666 1297 propria

408 1332 717 1401 persaepe
759 1315 853 1382 ita
897 1318 1291 1395 attenuatur,
1361 1320 1435 1380 ut
1478 1314 1762 1398 legentes
1806 1315 1992 1383 facile
2055 1321 2444 1400 praetereat,
2518 1335 2664 1383 eam

411 1435 670 1488 causam
714 1437 874 1499 esse,
920 1436 1033 1484 cur
1053 1435 1195 1486 cum
1218 1419 1584 1500 pronomine
1609 1424 1912 1502 tanquam
1930 1420 2349 1502 appendicula
2370 1420 2437 1486 in
2467 1437 2662 1485 unam

410 1542 629 1592 vocem
673 1521 1005 1601 coalescat,
1039 1521 1168 1607 *hoc
1213 1527 1427 1588 autem
1469 1519 1639 1590 facto
1678 1527 2008 1589 accentum
2029 1523 2413 1605 pronominis
2456 1527 2662 1590 retro-

412 1628 533 1710 agi,
578 1645 659 1692 ne
703 1625 1050 1707 accipiatur
1092 1644 1209 1707 pro
1253 1620 1383 1711 ἐγώ
1429 1650 1524 1709 γε,
1571 1644 1698 1708 qua
1740 1626 1985 1692 ratione
2009 1626 2379 1709 Apollonius
2409 1644 2663 1709 quoque

411 1730 894 1800 anabibasmum
937 1746 1082 1795 cum
1125 1729 1404 1810 epectasi
1458 1729 1581 1794 sibi
1644 1730 2020 1814 complacita
2085 1731 2487 1797 coniunctum
2552 1749 2662 1796 ex-

411 1836 624 1919 plicat,
665 1831 777 1899 ἵνα
824 1831 933 1899 διὰ
965 1830 1092 1897 ’τοῦ
1137 1828 1324 1897 τόνου
1357 1826 1648 1921 διαφύγῃ
1693 1831 1768 1899 τὸ
1818 1827 2201 1921 ἀμφίβολον
2223 1837 2343 1900 τοῦ
2388 1832 2477 1921 γέ·
2506 1857 2661 1902 συν·-

415 1938 663 2020 δέσμου
706 1935 865 2001 Adv.
885 1931 1055 2005 ,594
1106 1932 1204 2000 11.
1294 1931 1830 2016 Significationem
1873 1936 2010 2001 eius
2038 1936 2362 2019 propriam
2402 1937 2471 2004 in
2514 1955 2663 2020 syn·

415 2040 594 2107 theto
636 2058 762 2105 non
805 2054 1072 2121 prorsus
1089 2036 1466 2104 oblitescere
1507 2038 1807 2106 indicium
1850 2036 2121 2120 praebet
2137 2038 2331 2121 locuS‚
2376 2037 2567 2123 quem
2593 2040 2665 2105 in

412 2144 630 2211 ordine
650 2141 985 2209 verborum
1008 2139 1277 2208 obtinet:
1323 2135 1364 2228 ἢ
1410 2138 1656 2227 ἔγωγε
1702 2136 1781 2206 οὐ
1828 2136 2126 2229 συνήθης
2168 2136 2263 2221 εἷς
2308 2138 2513 2231 ἀρχὴν
2549 2138 2663 2210 λό-

413 2273 533 2334 γου
578 2239 1239 2330 παραλαμβάνεσθαι
1304 2242 1491 2309 Pron.
1543 2262 1604 2325 p.
1650 2241 1735 2309 62
1778 2243 1863 2324 A,
1930 2262 2057 2326 qua
2123 2245 2556 2328 designatione
2622 2265 2665 2311 a

410 2348 770 2438 primordiis
813 2346 977 2427 libri,
1022 2346 1342 2427 orationiS‚
1388 2345 1695 2428 epistolae
1717 2346 2071 2413 excluditur
2082 2347 2176 2432 *);
2221 2349 2336 2414 sed
2363 2346 2661 2431 frequen·

410 2454 655 2522 tissime
696 2471 813 2535 pro
856 2450 1263 2532 responsione
1308 2447 1688 2519 affirmativa
1751 2451 1950 2519 valet:
2017 2449 2193 2535 ἔχοις
2252 2447 2342 2520 »ἂν
2406 2448 2660 2536 simu,-

396 2550 661 2644 Ἔγωγε,
707 2555 860 2642 ἔφη,
927 2554 1095 2637 quod
1140 2554 1673 2636 circumscriptius
1717 2555 1973 2637 quidem
2017 2560 2118 2625 est
2160 2574 2352 2639 quam
2395 2557 2664 2639 simplex

409 2655 567 2747 ἐγώ,
613 2660 728 2726 sed
770 2662 985 2726 tamen
1026 2675 1152 2723 non
1194 2658 1288 2723 ita
1331 2655 1677 2738 definitum,
1721 2663 1803 2724 ut
1839 2658 2154 2725 disiuncta
2197 2655 2324 2746 ἐγώ
2368 2685 2442 2745 γε
2485 2660 2665 2726 velut

291 2769 304 2775 ’
408 2768 648 2831 τοῦτον
691 2757 822 2846 ἐγώ
864 2785 935 2844 γε
980 2762 1197 2829 πῖκῖδα
1243 2754 1527 2850 ἡγοῦμαι
1574 2760 1794 2827 Liban.
1838 2761 2011 2827 Decl.
2057 2761 2181 2828 T.I
2223 2755 2326 2843 48,
2375 2757 2515 2828 ἄλλ’
2543 2757 2663 2829 01³·ae

408 2865 562 2953 ἐμοί
605 2891 698 2952 γε,
745 2854 897 2932 εἶπε
939 2863 1258 2930 Plutarch.
1302 2884 1360 2930 v.
1403 2863 1584 2929 Brut.
1630 2882 1681 2930 e.
1726 2864 1965 2945 XXIII,
2022 2860 2143 2932 δύο
2210 2856 2447 2947 &eoam
2511 2862 2665 2950 ἐμοί

410 2997 481 3055 γε
526 2971 821 3045 πλοῦτος
863 2966 1119 3033 Lucian.
1169 2966 1331 3032 Gall.
1377 2967 1412 3051 ς
1459 2965 1572 3045 33,
1637 2962 1762 3032 οὐκ
1820 2962 1924 3033 ἐπ’
1973 2965 2127 3050 ἐμοὶ
2171 2992 2242 3052 γε
2287 2971 2483 3033 τοῦτο
2526 2968 2660 3035 Eu-

409 3093 552 3156 nap.
597 3092 653 3137 v.
699 3070 930 3138 Jambl.
975 3089 1035 3151 p.
1085 3068 1166 3135 14
1212 3068 1354 3154 (26)
1400 3070 1496 3135 ed.
1541 3070 1744 3135 Boiss.
1831 3069 1919 3135 Et
1962 3070 2044 3136 ad
2114 3070 2234 3138 hoc
2300 3069 2659 3153 significan-

411 3178 562 3245 dum
608 3171 988 3241 Schaeferus
1029 3173 1114 3238 ad
1156 3172 1323 3238 Plut.
1347 3191 1426 3236 .v.
1475 3171 1661 3238 Phoc.
1707 3172 1860 3238 XVI
1903 3169 2032 3258 ἐγώ
2079 3199 2150 3259 γε
2165 3219 2184 3250 ,
2243 3165 2426 3240 εἶπεν
2471 3193 2662 3256 prae-
2703 3182 2707 3189 ’

405 3279 534 3347 fert
575 3278 831 3360 vulgato
875 3274 1076 3363 ἔγωγε
1119 3279 1423 3358 tanquam
1468 3274 1952 3357 significantiuS‚
2020 3277 2188 3359 quod
2255 3277 2338 3342 ad
2379 3276 2662 3345 indican-

408 3385 568 3450 dum·
602 3367 1048 3463 nonnunquam
1096 3379 1353 3445 additur
1378 3379 1709 3460 particula
1736 3380 2062 3460 partitiva:
2109 3378 2391 3448 σκέπτεο
2439 3373 2662 3447 ἄλλον·

410 3483 565 3568 ἐμοί
607 3510 678 3569 γε
721 3485 841 3566 μὲν
888 3476 1071 3560 οὔτις
1128 3477 1372 3568 ἀνάγκη
1419 3479 1939 3563 Theogn..1095‚
2010 3486 2208 3549 κεῖνοι
2272 3479 2660 3566 τεχνήεντες·

411 3584 539 3675 ἐγώ
584 3613 655 3672 γε
698 3587 820 3669 μὲν
867 3622 939 3633 —-
987 3583 1108 3674 βίᾳ
1155 3584 1423 3671 ἱκρατέω
1468 3582 1801 3664 Damaget.
1846 3584 2039 3651 Anth.
2080 3585 2256 3653 Plan.
2302 3584 2335 3650 I
2380 3584 2448 3665 1,
2506 3582 2664 3668 ἐμοί

410 3717 482 3777 γε
525 3691 645 3774 μὲν
691 3684 978 3773 ἀστέρας
1021 3683 1233 3754 εἰπεῖν
1260 3724 1333 3736 —-
1387 3683 1755 3770 τεκμήρατε
1801 3691 2028 3755 πᾶσαν
2074 3683 2310 3772 ἀοιδήν
2355 3687 2531 3753 Arat.
2559 3686 2660 3757 17.

325 3820 330 3824 ·
412 3790 538 3857 Sed
580 3791 702 3856 hoc
743 3790 1081 3881 discrimen
1125 3790 1192 3856 in
1209 3798 1217 3807 ’
1237 3789 1512 3870 antiquis
1558 3806 1806 3871 quoque
1853 3790 2318 3872 exemplaribus
2361 3809 2485 3857 non
2516 3790 2661 3855 ubi-

412 3912 535 3975 que
558 3898 878 3959 servatum
902 3899 1017 3960 est.
1062 3892 1166 3961 Sic
1192 3893 1380 3961 schol.
1407 3891 1462 3956 A
1487 3891 1559 3957 Il.
1583 3891 1806 3958 XXIII
1826 3890 1955 3960 894
1974 3893 2175 3977 (quod
2195 3893 2395 3961 Bekk.
2419 3893 2661 3975 omisit)

411 3995 614 4083 ἔγωγε
645 4034 715 4044 -
758 3993 1080 4085 γράφεται
1120 3991 1247 4080 ἐγώ
1269 4021 1361 4081 γε,
1399 3995 1568 4075 quod
1595 3994 1830 4063 Herod.
1855 3996 1938 4061 ad
1961 3994 2142 4063 1174
2174 3995 2508 4079 improbat,
2543 3996 2663 4065 sed

412 4101 601 4174 aliam
658 4098 737 4165 ob
784 4117 1066 4166 causam:
1115 4097 1248 4185 τὴν
1286 4096 1513 4184 ἔμοιγε
1560 4098 2302 4187 προπαροξυτονητέον·
2349 4097 2490 4167 ἔστι
2533 4123 2660 4187 γαρ

513 4362 518 4371 .
556 4323 612 4383 *)
631 4315 883 4392 ,,;Ἐγωγε
917 4326 1306 4392 semper,initio
1342 4325 1508 4377 schol.
1547 4321 1921 4391 [malpha
1959 4319 2094 4383 law
2130 4324 2256 4378 adm.
