2946 4928
484 316 598 383 nn
647 315 1133 396 erAERnsL
1178 313 1578 382 mAEREsI
1623 322 1739 382 etc.
1804 315 1873 381 P.
1896 313 1978 382 11.
2026 271 2165 382 (Π.
2213 318 2267 402 g,
2291 318 2349 382 2.
2459 319 2543 384 55

306 484 529 549 horum
578 478 1043 548 'adiectivorum
1085 477 1354 562 figurae,
1421 496 1549 545 una
1609 481 1859 562 integra
1923 479 1989 545 in
2044 482 2165 557 ἑῖἔς·
2208 481 2346 561 ἒὲῑξζ
2413 498 2539 564 qua

304 585 619 650 Homerus
663 602 787 649 non
829 584 1045 662 utitur,
1091 588 1225 648 tres
1270 581 1551 662 affectae,
1597 600 1723 647 una
1754 599 2044 665 syncope,
2089 583 2293 648 altera
2316 601 2538 666 synae-

306 688 452 766 resi,
478 688 669 768 tertia
691 687 1035 768 epenthesi.
1126 684 1446 767 Syncopae
1472 686 1604 750 sive
1630 686 1943 751 exaeresis
1967 687 2253 767 exempla
2273 686 2546 768 plurima

307 795 527 856 extant
570 791 633 854 in
677 808 938 854 numero
985 788 1305 870 singulari,
1354 784 1549 852 ἀκλέα
1576 793 1711 867 ete„
1755 787 2017 869 pluralis
2042 789 2544 870 antiquissimum

305 893 552 975 reperio
600 886 866 969 εὐκλέας
909 889 1299 956 Pind.ol.11
1344 895 1409 954 et
1455 889 1749 954 Simonid.
1794 889 2006 971 Epigr.
2042 890 2229 955 Anth.
2252 891 2376 957 VII
2400 891 2544 971 301,

303 997 655 1078 proximum
724 991 1046 1077 ἀγακλέας
1098 993 1449 1058 Antimach.
1497 993 1704 1074 Frgm.
1749 990 1945 1070 LVII,
2015 986 2236 1070 ἀκλέες
2303 991 2544 1058 Gallim.
2592 1067 2600 1073 ,

305 1098 442 1163 Del.
490 1095 633 1176 295,
680 1102 870 1177 atque
913 1097 1016 1160 vix
1060 1095 1253 1160 alium
1297 1101 1617 1160 auctorem
1660 1094 2020 1159 habuerunt
2061 1093 2170 1174 illi,
2217 1114 2372 1177 quos
2415 1096 2545 1168 Eu-

304 1201 579 1265 stathius
624 1197 767 1264 669.
813 1198 851 1263 3
896 1199 1211 1280 producit:
1283 1198 1361 1262 τὸ
1433 1193 1662 1275 ἀκλεές
1709 1196 2046 1284 ἑτιίρῤημα
2096 1190 2270 1263 εἶναι’
2314 1222 2541 1285 φασιν,

309 1295 501 1366 ἄλλοι
552 1302 621 1367 δὲ
673 1303 980 1382 λέγουσιν,
1041 1296 1128 1376 ὡς
1175 1295 1492 1384 dymni-{eg
1560 1298 1721 1364 κατὰ
1791 1299 2097 1389 ἔλλειψιν
2142 1304 2260 1365 τοῦ
2308 1286 2452 1378 ἔτιὸς
2498 1305 2549 1372 ἶ

308 1403 433 1469 Sed
480 1399 713 1481 ἀκλεές
754 1402 911 1467 illud
954 1402 1321 1485 adverbium
1373 1400 1515 1466 esse
1559 1403 1725 1467 inter
1769 1420 1984 1467 omnes
2031 1407 2293 1467 constat.
2386 1402 2542 1485 Syn-

307 1516 460 1588 cope
502 1525 649 1572 cum
694 1504 1020 1587 epenthesi
1060 1506 1472 1585 consociatur,
1520 1505 1576 1570 si
1599 1500 1896 1582 εὐκλεΐας
1923 1504 2079 1569 illud
2100 1521 2216 1584 pro
2241 1499 2547 1584 εἰνκλεέας

307 1611 544 1675 dictum
589 1608 928 1690 accipimus
973 1607 1170 1689 epsilo
1215 1609 1461 1687 extritO,
1507 1607 1639 1672 iota
1683 1606 1915 1670 addito,
2016 1604 2231 1671 Crasis
2275 1608 2377 1673 vel
2421 1606 2544 1672 duo

306 1717 358 1784 {a
417 1713 625 1793 prima
668 1712 733 1777 in
774 1713 824 1781 ζεῖ
880 1710 1012 1774 sive
1066 1708 1118 1795 ’ἧ
1159 1710 1410 1788 miscet,
1482 1705 1808 1785 εὖκλεῖας,
1854 1707 1957 1772 vel
2012 1695 2358 1774 secundum
2401 1727 2546 1776 cum

305 1817 499 1881 tertia
527 1812 745 1893 vocali,
768 1807 926 1878 'sive
959 1816 1002 1884 ἶ
1025 1815 1157 1879 sive
1183 1813 1254 1893 «ἶ
1278 1807 1587 1894 εἶκλεεῖς,
1639 1806 1932 1890 εὖκλεᾶς,
1960 1828 2245 1892 ‘quorum
2267 1812 2546 1894 syllabae

305 1918 571 1996 mediae,
615 1916 764 1999 quia
808 1934 1029 1981 versus
1072 1915 1164 1980 illi
1207 1917 1459 1997 longam
1503 1918 1788 1997 poscunt,
1833 1913 1965 1978 iota
2006 1913 2325 1995 inseritur,
2378 1915 2546 1983 unde

304 2020 586 2086 nascitur
631 2016 877 2083 affectio
923 2018 1385 2098 conduplicata,
1455 2035 1647 2110 quam
1713 2016 1969 2097 proprio
2014 2015 2264 2082 nomine
2310 2041 2545 2101 κρασιν

308 2120 662 2189 §ngr-9201»
732 2120 1053 2202 appellare
1117 2139 1471 2202 possumus
1604 2119 1724 2185 His
1787 2123 2003 2183 autem
2045 2118 2237 2183 variis
2281 2115 2545 2184 flexibus

306 2213 614 2308 quantum
661 2242 890 2306 operae
935 2212 1345 2288 insumserint
1367 2228 1617 2287 veteres
1642 2223 1929 2287 doctores
1954 2225 2019 2286 et
2062 2238 2184 2301 quo
2230 2239 2544 2302 successu,

301 2319 642 2393 ‘ostendere
686 2344 811 2390 non
859 2344 1395 2406 supervacaneum
1441 2325 1607 2390 duxi.
1728 2324 1902 2401 Quae
1962 2328 2295 2405 praeterea
2340 2323 2513 2406 Spitz
2531 2360 2546 2373 ·

305 2447 496 2496 nerus
522 2429 606 2493 in
650 2429 800 2495 Exc.
830 2429 1019 2495 XXII
1063 2428 1141 2522 fle
1188 2428 1515 2494 adiectivis
1561 2446 1600 2492 a
1643 2428 1893 2493 nomine
1940 2427 2124 2506 κλέος
2168 2427 2372 2504 ductis
2418 2427 2545 2493 dis·

305 2533 476 2610 serit,
523 2532 692 2596 lectu
736 2532 1060 2613 perdigna,
1110 2531 1222 2596 sed
1270 2549 1394 2595 non
1439 2531 1626 2595 huius
1672 2530 1946 2595 instituti
1992 2516 2156 2604 sunt.

478 2634 837 2714 Diaeresin,
907 2636 1084 2700 cuius
1131 2634 1336 2698 adhuc
1392 2633 1568 2697 nulla
1610 2632 1780 2698 facta
1824 2637 1924 2697 est
1965 2632 2218 2712 menti0,
2263 2634 2545 2699 nonnulli

256 2810 262 2816 q
301 2737 585 2804 invenire
634 2736 753 2801 sibi
797 2737 915 2800 visi
974 2741 1122 2801 sunt
1163 2738 1226 2801 in
1273 2723 1519 2819 syllaba
1560 2735 1895 2800 verborum
1938 2735 2332 2816 quorundam
2374 2737 2544 2817 prin-

303 2839 516 2920 cipali:
590 2840 660 2901 τὸ
733 2835 926 2924 εἶ’ργω
995 2836 1055 2905 οἳ
1129 2838 1411 2904 παλαιοὶ
1470 2832 1963 2922 ἇναλογώτερον
2020 2836 2185 2902 κατὰ
2247 2834 2545 2904 διάλυσιν
2610 2910 2618 2917 .

303 2935 490 3009 εἷπον
558 2940 753 3027 ἐέργει)
802 2940 1104 3006 Choerob.
1153 2941 1330 3007 Orth.
1383 2939 1521 3004 182.
1567 2937 1669 3004 41.
1759 2936 1981 3025 Εἴργω
2048 2956 2216 3006 nunc
2269 2939 2545 3006 Homero

301 3049 621 3110 exemtum
678 3048 777 3108 est
822 3044 1147 3124 supposito
1191 3042 1548 3126 trisyllabo,
1619 3044 1795 3109 cuius
1840 3043 2046 3124 prima
2090 3041 2321 3107 vocalis
2365 3061 2543 3123 pros·
2661 3109 2667 3114 ,

300 3147 557 3213 theticis
625 3147 1104 3224 adnumeratur,
1170 3167 1226 3212 v.
1273 3148 1535 3212 Elemm.
1583 3145 1615 3210 I
1658 3146 1759 3209 58.
1798 3183 1868 3191 -
1905 3138 2129 3227 ’Έεμαι
2182 3150 2247 3209 et
2299 3146 2542 3226 κέεμαι,

300 3269 465 3332 quae
509 3249 679 3314 idem
721 3249 1038 3331 producit,
1094 3261 1219 3315 non
1263 3250 1457 3315 verba
1502 3254 1666 3328 sunt,
1735 3248 1849 3314 sed
1887 3247 2222 3311 verborum
2264 3246 2549 3311 themata

302 3351 552 3436 [Rhem.
586 3350 722 3431 191,
767 3350 932 3416 infra
964 3370 1098 3434 cap.
1122 3352 1188 3415 ΙΙ
1212 3353 1264 3436 ἓ.
1295 3353 1334 3416 2
1360 3352 1426 3416 II
1444 3351 1548 3435 Α].
1593 3351 1862 3415 Prorsus
1886 3350 2266 3413 unicumzest
2288 3348 2547 3430 dialysis

248 3525 251 3528 ,
300 3455 659 3536 exemplum
681 3455 854 3534 illud,
901 3455 1068 3534 quod
1114 3454 1304 3519 schol.
1330 3451 1511 3518 Dion.
1540 3450 1661 3517 797
1708 3449 1910 3531 affert,
1959 3450 2031 3514 τὸ
2091 3451 2141 3532 ῖῖ
2192 3444 2543 3515 ἀναλύεται

304 3554 400 3635 εἰς
429 3554 549 3622 δύο
596 3558 687 3627 ’ἑῖε
736 3559 934 3641 δῆλον
971 3558 1189 3623 δέελην
1278 3553 1380 3620 Sic
1403 3555 1596 3621 etiam
1620 3552 2028 3618 Aristarchus
2070 3552 2228 3618 illud
2251 3551 2549 3633 explicuit

302 3677 573 3739 cumque
619 3678 692 3723 eo
736 3660 1017 3724 nonnulli
1039 3660 1297 3725 Ithacae
1344 3657 1666 3739 epitheton
1690 3661 2050 3721 contextum
2071 3674 2211 3720 esse
2236 3654 2545 3720 coniecta-

300 3765 477 3826 runt:
528 3756 824 3827 εὖὸιέλον
855 3758 1240 3845 (εἰδειέλον)
1267 3756 1409 3825 ἀντὶ
1457 3762 1573 3823 τοῦ
1620 3755 1922 3825 εὗόέελον
1969 3749 2239 3843 εἷῗδηλον
2264 3757 2546 3839 Apollon.

298 3862 450 3927 Lex.
497 3862 702 3943 Hom.,
749 3864 862 3929 sed
904 3865 1125 3929 reiecti
1169 3866 1317 3928 sunt
1363 3861 1577 3945 [Proll.
1628 3859 1796 3946 106].

468 3965 704 4031 Adhuc
770 3985 975 4032 sermo
1020 3970 1312 4032 versatus
1380 3969 1481 4029 est
1543 3964 1608 4027 in
1661 3962 2049 4045 regionibus,
2118 3980 2277 4044 quas
2321 3967 2547 4044 poetae

301 4068 648 4150 possident.
740 4067 867 4134 Sed
911 4070 990 4134 de
1035 4067 1292 4151 syllabis
1337 4064 1630 4140 finalibus
1677 4067 2015 4147 scriptores
2061 4083 2309 4147 quoque
2357 4065 2548 4130 soluti

302 4170 369 4235 in
415 4170 744 4235 consilium
789 4170 1128 4235 adhibendi
1187 4175 1351 4236 sunt.
1486 4168 1763 4233 Casuum
1825 4169 2232 4233 nominalium
2275 4184 2438 4231 unus
2482 4168 2549 4230 in

303 4276 370 4343 ἷῖ
402 4273 635 4357 duplex
681 4274 824 4358 exit,
872 4269 1074 4335 dualis
1109 4272 1447 4353 nominum,
1496 4290 1657 4355 quae
1681 4264 2033 4353 ,genitivum
2060 4270 2125 4333 in
2150 4273 2237 4345 {0}
2258 4268 2546 4352 mittunt3
