2946 4928
428 310 551 378 130
1216 307 1775 377 mssmr'rro
1821 309 1930 408 VJ.

420 471 547 538 457
552 522 568 538 .
618 471 717 538 12.
800 471 867 537 Is
909 473 1103 555 igitur
1141 473 1261 538 sibi
1304 473 1642 556 persuasit,
1687 490 1729 538 a
1771 470 1937 552 θεός
1978 472 2259 555 proxime
2305 471 2660 538 derivatum

422 595 564 642 esse
609 575 1078 642 substantivum
1120 594 1263 641 cum
1303 594 1622 659 paragoge
1666 576 1976 661 disyllaba
2024 576 2298 659 θέ-ειον,
2339 593 2508 667 quae
2535 594 2662 641 non

422 678 863 762 improbabilis
908 682 1009 744 est
1048 679 1428 760 coniectura,
1475 681 1598 746 etsi
1639 680 1837 746 semel
1879 678 2064 745 modo
2105 679 2359 760 legitur,
2401 697 2519 744 nec
2559 697 2664 744 re-

418 783 703 848 nascitur
745 782 988 864 epsilon
1028 782 1096 847 in
1139 782 1440 848 derivatis
1475 778 1874 860 ἆποθειοῢν,
1910 787 2303 870 περιθειοῦν
2325 779 2669 866 [Elemm.1

418 884 547 958 414
591 905 650 951 11.
679 879 784 970 ‘2].
870 883 1037 950 Item
1100 885 1299 950 semel
1365 886 1692 952 inventum
1758 891 1861 952 est
1916 885 2093 968 χέεια
2158 884 2294 951 Nic.
2338 903 2454 967 pro
2495 882 2671 968 χεία,

419 993 700 1069 accentu,
744 1006 933 1070 quem
974 988 1314 1068 periectica
1356 988 1424 1053 in
1467 990 1694 1055 ultima
1734 988 1991 1069 habent,
2038 988 2120 1054 ad
2162 989 2432 1070 primam
2453 992 2663 1054 trans-

416 1092 578 1172 lato;
621 1090 742 1156 hoc
785 1096 1001 1157 autem
1041 1091 1326 1173 plerique
1370 1110 1409 1155 a
1450 1091 1583 1173 χέω
1616 1098 1929 1174 χείσομαι
1973 1094 2274 1175 repetunt
2313 1096 2389 1156 ut
2431 1091 2665 1178 αχρέω

420 1197 680 1283 χρῶμαι
721 1191 938 1284 χρεία,
967 1194 1147 1279 μνέω
1189 1194 1387 1277 μνεία
1434 1192 1651 1278 [Pron.
1695 1193 1826 1280 45].

596 1331 762 1396 Hinc
805 1349 931 1396 non
972 1330 1159 1412 longe
1203 1328 1438 1397 absunt
1503 1330 1901 1398 substantiva
1965 1331 2045 1397 ab
2098 1330 2424 1397 adiectivis
2465 1329 2533 1394 in
2575 1332 2671 1414 ῖηξ

425 1435 739 1501 derivata:
787 1431 1006 1501 ἔνδεια
1053 1439 1171 1499 etc.
1217 1434 1533 1517 scriptura
1576 1434 1851 1517 ancipiti,
1896 1434 1975 1499 de
2020 1452 2146 1516 qua
2190 1434 2477 1499 diversae
2523 1452 2665 1499 sen-

422 1538 663 1603 tentiae
729 1538 1174 1620 grammaticos
1243 1538 1577 1618 distinent3
1642 1536 2045 1602 Herodianus
2099 1537 2341 1618 epsilon
2385 1555 2528 1602 cum
2572 1536 2667 1601 di·
2775 1550 2786 1557 ·

421 1641 745 1723 phthongo
786 1641 1069 1721 mixtum,
1119 1639 1593 1706 Choeroboscus
1658 1658 1773 1721 per
1840 1658 2153 1722 syncopen
2198 1640 2480 1705 ablatum
2525 1656 2670 1704 esse

422 1744 787 1810 arbitratur.
875 1743 972 1808 De
1015 1744 1115 1808 his
1183 1749 1251 1810 et
1302 1744 1380 1808 de
1426 1742 1753 1808 adiectivis
1800 1741 2090 1822 κλεεινός
2135 1739 2388 1820 κλεινός
2433 1743 2670 1808 dictum

425 1852 527 1912 est
568 1848 635 1912 in
677 1847 942 1912 Elemm.
988 1847 1021 1912 Ι
1065 1845 1191 1911 242
1237 1865 1327 1928 sq.
1377 1844 1480 1929 [cf.
1525 1864 1585 1927 p.
1633 1844 1778 1926 255,
1825 1846 1890 1911 II
1930 1866 1991 1929 p.
2043 1846 2139 1927 15,
2186 1846 2417 1928 Phryn.
2462 1845 2593 1929 87]

555 2021 561 2026 .
597 1965 814 2032 Crasis
862 1972 928 2031 et
968 1967 1275 2032 diaeresis
1320 1964 1479 2030 fines
1525 1964 1681 2030 certi
1727 1969 1792 2029 et
1813 1965 2114 2048 descripti
2159 1971 2308 2031 sunt
2348 1966 2415 2030 in
2436 1965 2668 2044 verbis3

422 2070 532 2135 illa
598 2068 724 2133 fixa
790 2074 889 2134 est
945 2069 1011 2133 in
1056 2067 1469 2142 circumflexis
1516 2072 1728 2153 φιλεῖν
1766 2072 1920 2149 ,etc.,
1989 2070 2193 2134 altera
2234 2073 2461 2150 poetae
2508 2067 2673 2150 epici.

421 2176 686 2237 utuntur
729 2173 795 2236 in
837 2171 1161 2237 infinitivis
1185 2171 1838 2254 authypotacticorum
1868 2167 2086 2252 ἰδέειν,
2108 2172 2417 2254 μαθέειν,
2457 2176 2671 2236 cetera

428 2275 496 2339 in
539 2274 810 2341 Dissert.
857 2276 935 2340 de
979 2274 1261 2341 Diectasi
1310 2293 1370 2357 p.
1417 2271 1543 2339 426
1586 2274 1830 2339 relata.

594 2395 812 2477 Aeque
865 2400 1018 2460 nota
1084 2398 1182 2458 est
1236 2393 1435 2458 orasis
1480 2383 1793 2457 vocalium
1858 2395 1920 2484 ἦ
1978 2394 2044 2458 in
2096 2391 2505 2458 subiunctivis
2553 2388 2668 2459 ἐὰν

421 2490 488 2585 ᾗ,
562 2504 726 2587 φιλῇ
791 2502 927 2578 etc„
996 2497 1111 2561 sed
1175 2497 1459 2583 ordinem
1523 2497 1836 2562 excedunt
1899 2497 2095 2563 verba
2160 2496 2509 2580 bisyllaba:
2575 2495 2667 2584 μὴ

424 2598 616 2688 ἕγχῇς
682 2600 878 2665 semel
934 2599 1168 2664 lectum
1211 2600 1277 2662 in
1320 2595 1516 2665 Arist.
1561 2600 1751 2681 Vesp.
1798 2598 1924 2666 616
1991 2606 2058 2666 et
2103 2599 2346 2689 ἐὰνοῇ
2413 2600 2667 2682 saepius

422 2703 490 2766 in
535 2703 913 2769 comicorum
957 2702 1264 2783 versibuS,
1333 2703 1503 2785 quod
1555 2701 1838 2767 nonnulli
1882 2703 1994 2791 δέῃ
2041 2702 2323 2768 scribunt
2367 2702 2666 2785 synizesis

420 2810 784 2894 praetextu,
851 2810 917 2870 et
979 2805 1226 2887 longius
1272 2806 1465 2870 etiam
1511 2805 1831 2887 egreditur
1876 2804 1991 2871 ἐὰν
2037 2808 2140 2873 δεῖ
2163 2806 2233 2890 ²).
2321 2805 2498 2872 Haec
2540 2806 2669 2871 dis·-

420 2910 640 2989 putavi
703 2910 769 2974 in
834 2910 1099 2975 Elemm.
1170 2910 1203 2974 I
1251 2908 1406 2988 243.
1457 2947 1529 2955 —
1580 2909 1821 2974 Verum
1882 2908 2022 2989 illa,
2091 2927 2255 2990 quae
2320 2909 2398 2975 de
2450 2908 2668 2998 μέμνῃ

375 3057 381 3062 .
422 3011 660 3076 tradita
706 3018 870 3092 sunt,
897 3013 981 3077 'in
1022 3013 1391 3077 memoriam
1425 3011 1723 3093 redigunt
1745 3012 2094 3077 eorundum
2116 3012 2669 3094 grammaticorum

429 3112 507 3177 de
555 3112 965 3179 subiunctivis
1012 3115 1390 3196 quibusdam
1433 3114 1683 3195 placita.
1783 3115 2038 3180 Etenim
2080 3120 2331 3181 veteres
2376 3115 2667 3197 magistri

419 3215 696 3281 tironum
769 3218 1199 3283 commoditati
1271 3218 1689 3283 inservientes
1764 3236 2101 3300 personam
2183 3218 2524 3283 secundam
2590 3237 2669 3284 ex

421 3320 614 3384 tertia
655 3321 831 3385 nasci
876 3321 1102 3385 docent
1145 3339 1340 3402 quum
1385 3322 1511 3387 alia
1557 3322 1883 3387 occasione
1927 3326 2065 3387 tum
2094 3320 2287 3386 etiam
2307 3322 2669 3388 huiusmodi

422 3411 753 3504 exemplis:
809 3415 1033 3502 ’'Icoveg
1101 3419 1603 3506 ἀποβάλλοντες
1648 3426 1721 3490 τὸ
1770 3426 1817 3494 ἶ
1854 3430 1972 3490 τοῦ
2017 3422 2245 3511 τρίτου
2290 3425 2667 3512 προσώπου

424 3517 731 3609 δεύτερον
778 3530 1099 3591 ποιοῦσιν·
1148 3521 1238 3605 ὡς
1262 3528 1336 3591 τὸ
1361 3527 1694 3607 »κέλεαί
1726 3526 2067 3610 με“οὓ’τω
2113 3524 2390 3615 ἴδηται
2436 3524 2663 3616 ἴδηαι

422 3624 566 3690 ΕΜ.
612 3624 759 3692 466.
793 3624 868 3691 6.-
938 3627 1076 3693 Hoc
1118 3625 1306 3716 ἴδηαι
1351 3630 1523 3711 apud
1564 3630 1910 3696 Homerum
1954 3630 2188 3714 legitur
2234 3631 2505 3713 saepius,
2553 3631 2667 3697 sed

423 3747 650 3810 parum
695 3736 1042 3812 opportune
1080 3732 1396 3813 promitur
1439 3752 1478 3797 a
1523 3734 1711 3800 schol.
1755 3734 1933 3799 Pind.
1963 3733 2145 3817 Pyth.
2172 3736 2264 3801 IV
2286 3732 2431 3815 274,
2478 3753 2663 3816 quem

421 3829 628 3895 locum
673 3831 979 3901 editiones
1023 3840 1272 3901 veteres
1319 3836 1410 3901 sic
1442 3836 1740 3903 exhibent
1762 3835 2093 3904 mendose:
2134 3836 2228 3927 μή
2258 3863 2322 3904 τι
2346 3837 2665 3924 νεώτερον

425 3928 762 4026 ἅναστιίσῃ
809 3934 1026 4004 κακόν.
1115 3938 1237 4005 Hic
1280 3939 1542 4007 dubium
1587 3945 1744 4021 est„
1777 3944 1925 4007 utra
1986 3958 2259 4036 persona
2313 3940 2519 4023 aptior
2563 3940 2663 4022 sit,

565 4212 614 4276 l)
650 4214 904 4265 Matthiae
956 4230 1008 4279 p.
1046 4210 1142 4266 151
1200 4206 1324 4270 adn.
1358 4213 1395 4267 ι’.
1448 4232 1528 4280 ea,
1582 4232 1717 4283 quae
1772 4216 1838 4268 de
1888 4217 1991 4268 hoc
2048 4217 2211 4269 verbo
2266 4217 2398 4284 dixi,
2451 4217 2516 4270 de
2564 4218 2662 4271 -ὄεῐ

423 4306 613 4363 oportet
649 4298 788 4372 dicta
823 4301 1043 4365 putavit.
1503 4330 1507 4334 ·
1542 4316 1549 4321 ·
1760 4301 1763 4310 ’
