2946 4928
500 317 616 383 DE
664 315 1606 398 SYNAERESI‚D1AERESI
1650 323 1768 386 etc.
1841 318 1914 384 P.
1938 317 1985 383 1.
2031 317 2099 383 C.
2124 320 2173 384 1.
2220 320 2274 404 ἓ.
2299 318 2357 383 5.
2468 317 2546 383 31

298 478 547 544 habere
593 480 778 545 docet
821 519 895 561 α,
941 517 1004 558 ε
1042 492 1119 551 ἰο
1162 480 1362 566 χωρὶς
1405 484 1523 569 τῆς
1566 477 1880 602 τετάρτης
1925 444 2226 565 συζυγίας
2278 484 2405 546 τῶν
2461 475 2554 559 εἷς

296 619 368 665 μ,
434 586 644 646 ταῦτα
692 581 814 671 γὰρ
861 584 939 648 οὐ
987 580 1487 668 παραλήγονται
1532 586 1615 671 τῇ
1661 583 2033 671 ἀφθόγγῳ,
2080 578 2383 671 ζευγνὺην
2426 583 2551 668 γὰρ

297 683 419 750 καὶ
487 679 733 770 ομνύην
794 687 998 773 χωρὶς
1062 690 1174 750 τοῦ
1229 688 1274 751 F
1333 685 1442 751 καὶ
1505 684 1680 772 λέγει
1739 680 1772 749 ὅ
1815 680 2266 762 Ἀπολλώνιος
2309 680 2552 772 ταύτην

303 784 424 868 τὴν
486 782 883 871 ἇπηολογίαν
952 786 1057 854 ὅτι
1123 787 1194 852 τὸ
1253 784 1555 875 ζευγνῦην
1624 788 1735 854 καὶ
1795 785 2081 875 πηγνύην
2153 786 2261 852 καὶ
2309 781 2551 874 ὂμνῦην

303 889 684 972 προσθέσει
732 894 844 954 τοῦ
887 928 933 977 μ
984 889 1333 977 παθητικὰ
1377 887 1648 976 γίνεται,
1696 885 2046 975 ζευγνὺμην
2080 887 2185 953 καὶ
2219 887 2297 952 τὰ
2322 885 2547 962 λοιπά,

135 1008 145 1021 ’
188 1058 197 1063 ,
298 986 542 1077 ἐπειδὴ
586 992 753 1072 μετὰ
803 992 920 1079 τὴν
964 996 1031 1061 135
1061 989 1420 1077 σύμφωνον
1467 1017 1585 1074 ουχ
1631 988 1998 1080 εὑρίσκεται
2046 985 2550 1077 ἐπιφερόμενον·

296 1081 340 1154 3
390 1084 506 1156 οὖν
549 1085 719 1174 εἶχον
767 1089 1173 1177 ἀποβάλλειν
1241 1093 1307 1160 ἐν
1361 1098 1503 1172 τοῖς
1560 1099 2001 1179 παθητικοῖς,
2074 1092 2551 1176 προαπέβαλον

303 1193 375 1259 ἐν
422 1200 558 1273 τοῖς
604 1195 1054 1282 ἐνεργητικοῖς
1153 1193 1412 1263 Τούτου
1457 1223 1567 1264 ουν
1609 1193 1800 1282 χάριν
1846 1195 1927 1262 τὰ
1975 1189 2238 1262 εἰκτικὰ
2287 1189 2366 1259 οὗ
2412 1219 2546 1259 πα-

132 1260 151 1289 :
282 1293 691 1395 ραλήνονται
774 1295 1148 1383 διφθόγγῳ.
1280 1299 1379 1363 Ex
1453 1300 1791 1380 postremis
1863 1297 2075 1363 verbis
2154 1297 2550 1388 cognoscitur

294 1396 703 1480 Apollonium
779 1401 859 1466 de
911 1402 1306 1465 successione
1363 1419 1780 1466 consonarum
1832 1400 2002 1465 idem
2046 1399 2319 1463 sensisse
2380 1399 2549 1481 quod

299 1500 661 1580 complures
707 1503 881 1582 alios,
928 1521 1084 1583 quos
1129 1504 1606 1583 nominavimus,
1651 1503 1919 1584 librique
1952 1502 2153 1566 nostri
2177 1499 2549 1566 confirmant

306 1621 517 1684 neque
571 1623 696 1669 non
739 1610 951 1669 ratum
994 1603 1190 1669 habet
1229 1607 1655 1670 Buttmannus
1710 1606 1764 1688 ξ.
1815 1603 1934 1669 107
1982 1603 2123 1667 adn.
2171 1598 2276 1668 36‘
2297 1623 2357 1685 p.
2404 1603 2548 1683 519,

304 1704 387 1770 cf.
435 1707 489 1789 ἕ.
534 1705 618 1772 58
664 1726 712 1771 s,
758 1727 814 1772 v.
858 1702 1018 1783 ἱιός.
1111 1705 1236 1772 Sed
1299 1708 1468 1790 quod
1495 1747 1506 1764 ·
1534 1707 1790 1789 quidam
1852 1723 1932 1769 ne
1989 1706 2236 1769 vocales
2290 1706 2546 1787 quidem

292 1814 447 1890 post
489 1809 944 1890 diphthongum
987 1814 1044 1880 ὗῖ
1096 1808 1315 1874 inferri
1356 1828 1543 1891 posse
1590 1809 1966 1886 concedunt,
2029 1807 2096 1870 id
2151 1808 2210 1871 ei
2262 1808 2547 1888 ignotum

294 1910 498 1981 fuisse
542 1911 884 1976 ostendunt
929 1930 1090 1992 quae
1135 1913 1533 1991 antecedunt,
1580 1931 1774 1994 quum
1798 1910 1951 1975 dicit
1980 1909 2143 1974 hanc
2168 1911 2545 1991 scripturam

304 2012 391 2078 ab
435 2014 732 2095 optativis
776 2014 1045 2094 passivis
1110 2032 1225 2095 per
1257 2013 1768 2096 anticipationem
1810 2012 2128 2093 quandam
2169 2013 2548 2105 translatam

306 2134 452 2180 esse
497 2117 581 2180 ad
623 2114 889 2181 formam
934 2117 1219 2182 activam.
1258 2176 1263 2183 ,
1310 2116 1667 2209 Simplicius
1714 2117 1886 2180 dictu
1930 2120 2031 2180 est
2080 2114 2248 2181 hunc
2291 2116 2548 2180 modum

309 2218 648 2299 utrobique
692 2236 770 2283 ex
813 2218 1101 2298 analogia
1145 2219 1408 2283 aliorum
1452 2219 1788 2284 verborum
1811 2218 2267 2300 diphthongum
2288 2217 2556 2299 habere,

301 2321 421 2385 sed
473 2322 634 2399 iota,
700 2320 849 2402 quia
913 2320 991 2385 ab
1057 2322 1258 2402 ypsilo
1322 2340 1447 2385 non
1500 2327 1678 2386 tanto
1735 2322 1872 2385 soni
1927 2321 2284 2386 discrimine
2331 2321 2543 2401 distat,

285 2428 550 2505 -quanto
594 2421 673 2501 ab
706 2425 773 2506 ἶ,
813 2425 838 2493 ἒ
875 2427 941 2489 et
975 2428 1022 2506 ὁ,
1069 2442 1211 2489 cum
1256 2441 1329 2489 eo
1373 2424 1438 2488 in
1461 2424 2038 2506 monophthongum
2075 2422 2543 2493 Z‘confiuxisse.

286 2526 351 2590 A
404 2530 635 2596 natura
689 2544 839 2590 vero
907 2531 1234 2608 acceptum
1287 2526 1525 2592 habent
1565 2528 1820 2591 nomina
1880 2532 2075 2608 μυῖα,
2146 2522 2344 2611 &yma
2404 2531 2542 2605 etc„

295 2646 464 2709 quae
531 2629 642 2710 qui
706 2628 841 2693 sine
912 2629 1044 2694 iota
1097 2631 1505 2710 scripserunt,
1549 2630 1704 2694 nihil
1758 2629 1933 2697 aliud
1978 2647 2208 2702 causae
2264 2627 2543 2692 habuere

292 2748 487 2811 quam
555 2730 723 2812 quod
787 2731 1066 2796 vocalem
1129 2750 1316 2796 aures
1384 2750 1534 2796 suas
1600 2729 1946 2812 fugientem
2009 2751 2089 2796 ne
2146 2728 2542 2794 scribendam

286 2832 549 2913 quidem
592 2837 921 2913 putarent,
989 2834 1104 2897 sed
1145 2834 1515 2898 reiiciuntur
1569 2852 1609 2897 a
1653 2834 2049 2915 Theognosto
2095 2832 2245 2897 Can.
2296 2830 2416 2895 102
2465 2831 2540 2894 -ιὰ

286 2932 403 3000 διὰ
448 2937 570 3000 τοῦ
611 2935 709 3005 ῧ-ἆι
747 2931 921 3020 βαρύ
925 2959 1083 3000 τονα
1120 2930 1769 3021 ἀπαρασχημάτισια
1817 2935 1929 3001 διὰ
1979 2937 2169 3020 τῆςυ
2172 2931 2534 3022 ιγράφον
2557 2947 2564 2952 ’

288 3062 397 3100 ται
442 3041 625 3118 μυῖα,
663 3032 1006 3121 Eam-anza,
1056 3030 1311 3123 όργυια,
1362 3039 1461 3102 cuj
1506 3038 1796 3104 convenit
1839 3033 2171 3124 ὀργιιόεις
2214 3037 2383 3118 apud
2427 3035 2538 3099 Ni-

284 3139 595 3203 candrum
637 3139 860 3203 eodem
903 3140 1153 3204 modulo
1211 3143 1334 3222 quo
1380 3137 1758 3225 δακρυόεις,
1827 3159 2031 3221 neque
2087 3137 2349 3203 offendit
2403 3156 2537 3203 cor-

293 3244 501 3324 reptio
548 3242 917 3324 diphthongi
959 3242 1159 3306 vocali
1200 3242 1616 3327 praemissae,
1668 3243 1783 3307 sed
1825 3243 1971 3306 libri
2017 3237 2313 3328 ὀργυόεις
2357 3258 2539 3321 prae-

297 3344 454 3410 bent
497 3344 833 3426 probatum
877 3344 1191 3410 Meinekio
1236 3349 1302 3409 et
1347 3343 1565 3408 Ottoni
1610 3343 1991 3409 Schneidero
2038 3342 2119 3406 ad
2166 3342 2348 3406 Ther.
2394 3340 2539 3417 216.

290 3445 391 3510 De
437 3464 592 3510 voce
636 3442 789 3525 ὑός,
860 3447 1036 3512 cuius
1090 3447 1193 3512 hic
1236 3446 1549 3525 meminit,
1617 3447 1848 3528 duplex
1902 3451 2002 3511 est
2057 3443 2382 3509 dubitatio.
2473 3441 2542 3507 Si

296 3549 473 3630 prior
518 3548 759 3629 syllaba
801 3548 989 3629 longa
1031 3556 1158 3629 est,
1226 3549 1581 3632 synaeresis
1631 3549 1916 3627 incessit3
1993 3548 2047 3613 si
2099 3547 2337 3627 breviS,
2411 3547 2542 3611 iota

222 3672 226 3675 ⁴
290 3651 598 3716 radicitus
644 3650 929 3714 evulsum
973 3656 1099 3730 est,
1152 3656 1263 3717 aut
1306 3653 1454 3734 quia
1497 3653 1562 3716 in
1605 3652 1917 3734 loquendo
1961 3670 2087 3716 non
2131 3650 2537 3732 expromitur,

292 3759 407 3817 aut
449 3753 619 3835 quod
664 3751 847 3817 abest
902 3772 941 3817 a
984 3752 1174 3818 verbo
1219 3751 1403 3839 φὺω,
1458 3755 1527 3818 id
1570 3755 1738 3819 enim
1780 3754 1968 3835 vulgo
2011 3772 2126 3834 pro
2172 3757 2379 3834 etymo
2423 3753 2536 3817 ha-

295 3855 499 3921 betur.
587 3854 756 3919 Huic
798 3856 866 3928 ‚si
911 3854 1154 3936 syllaba
1195 3856 1384 3936 longa
1426 3874 1584 3937 opus
1598 3905 1615 3936 ,
1681 3856 1964 3921 nonnulli
2007 3856 2389 3920 addiderunt
2430 3874 2537 3921 vo-

284 3958 489 4023 calem
512 3957 898 4037 auxiliarem,
945 3976 1107 4038 quae
1151 3947 1519 4039 saepissime
1542 3958 1943 4039 producendo
1977 3958 2175 4039 epsilo
2200 3957 2537 4023 adhibetur

280 4057 534 4147 (τρείω,
585 4059 820 4142 πνείω)
865 4063 932 4123 et
972 4058 1071 4125 bis
1106 4061 1298 4125 etiam
1320 4060 1522 4142 ypsilo
1546 4057 1814 4144 (α’λυίω,
1859 4058 2173 4142 μεθυίω).
2204 4060 2536 4124 —Eodem

284 4162 669 4239 adminiculo
743 4166 998 4226 auctum
1083 4167 1184 4227 est
1246 4162 1654 4244 periecticum
1730 4159 1940 4244 μυιών
2016 4162 2100 4224 in·
2121 4231 2132 4245 .
2152 4161 2534 4226 Christodor.

284 4264 516 4347 Ecphr.
564 4261 691 4330 236
764 4268 830 4330 et
883 4263 947 4330 in
993 4265 1208 4331 multis
1253 4265 1431 4357 codd.
1476 4266 1550 4331 Il.
1586 4263 1748 4333 'XVI
1793 4261 1945 4346 315,
2004 4265 2117 4329 sed
2159 4259 2344 4348 μυῶν
2388 4278 2533 4323 con-
