2946 4928
496 331 624 400 362
1086 288 1214 399 113
1245 331 1698 401 EPITHETIS
1742 323 2130 400 onosls.·

496 497 800 580 decrepiti
841 516 959 579 per
999 498 1273 565 hiemem
1315 499 1433 564 viis
1479 498 1623 563 nive
1679 497 1981 564 contectis
2049 496 2376 564 ambulare
2442 498 2735 564 dicuntur

496 596 884 684 ἀλευόμενοι
934 598 1099 688 νίφα
1146 598 1396 689 λευκήν.
1509 601 1846 670 Homerica
1889 601 2179 683 exempla
2218 600 2608 684 Porphyrius
2670 602 2733 666 in
2845 654 2857 659 -

494 704 681 786 longa
725 704 1113 786 expositione
1156 704 1230 769 Π.
1272 705 1314 769 l.
1360 723 1412 770 3.
1456 705 1820 787 pleonasmo
1865 706 2140 771 eximere
2206 704 2540 770 annititur-z
2606 703 2731 786 pri-

490 825 662 872 mum
707 805 875 892 γάλα
922 804 1151 872 λευκόν
1198 807 1337 888 dici,
1385 804 1491 874 ὅτι
1538 807 1728 875 σκιὰν
1775 803 1894 874 οὐκ
1941 807 2342 890 ἐπιδέχεται,
2389 805 2733 888 quodnihil

491 910 690 989 valet3
735 928 852 995 nec
881 910 1242 992 persuadet,
1288 909 1569 1001 ἔλαιον
1612 907 1853 997 ὑγρόν
1896 909 2221 991 appellari,
2265 907 2416 990 quia
2461 907 2572 991 alii
2613 907 2726 973 113-

411 1018 420 1026 ’
490 1016 697 1078 mores
741 1013 919 1078 brevi
962 1016 1247 1094 tempore
1292 1019 1588 1080 arescant
1630 1020 1697 1079 et
1738 1015 2065 1091 siccentur,
2121 1012 2329 1078 oleum
2373 1028 2522 1076 vero
2569 1008 2729 1076 diffi-

490 1116 734 1180 cillime.
827 1114 951 1180 Sed
982 1121 1162 1197 patet
1204 1116 1331 1181 alia
1352 1115 1734 1182 defensionis
1755 1116 1938 1184 ratio.
2023 1115 2280 1180 Etenim
2322 1131 2401 1178 ex
2442 1130 2520 1178 eo
2564 1113 2730 1195 quod

490 1216 717 1282 ἔλαιον
766 1222 832 1282 31
877 1210 1172 1305 ἄλειφαρ
1218 1222 1284 1283 31
1328 1220 1537 1300 specie
1582 1218 1812 1284 similia
1876 1223 1944 1283 et
2007 1217 2088 1283 ab
2131 1216 2521 1297 Hippocrate
2587 1234 2728 1297 pro-

488 1321 726 1385 miscue
772 1326 1084 1401 usurpata
1127 1326 1301 1386 sunt:
1358 1320 1561 1409 χηνὸς
1626 1319 1854 1385 ἔλαιον
1898 1320 2052 1386 Μ31.
2097 1318 2131 1384 I
2174 1316 2300 1383 695
2346 1318 2414 1383 Τ.
2459 1318 2544 1399 11,
2616 1313 2730 1398 ὑὸς

489 1418 717 1489 ἔλαιον
762 1428 829 1488 31
872 1423 998 1488 alia
1040 1422 1196 1488 talia
1239 1423 1304 1487 in
1348 1423 1649 1505 proximis
1692 1423 1968 1505 paginis,
2034 1442 2091 1487 v.
2135 1421 2317 1486 Foes,
2369 1418 2515 1503 197,
2589 1421 2776 1488 hinc-

488 1525 860 1595 adducimur
909 1524 1134 1590 ἔλαιον
1172 1526 1521 1608 antiquitus
1565 1542 1792 1597 nomen
1835 1525 2040 1607 adipis
2082 1524 2281 1590 fuisse
2324 1525 2625 1606 generale
2668 1530 2732 1590 a

485 1633 837 1710 propterea
883 1629 1157 1710 speciem
1223 1628 1360 1694 3133
1425 1628 1742 1694 diversam
1806 1628 1887 1693 ab
1950 1629 2048 1708 iis,
2116 1644 2280 1708 quae
2327 1621 2625 1714 ἄλειφαρ
2664 1631 2733 1692 31

487 1732 681 1816 στέαρ
725 1730 935 1794 sebum
976 1736 1307 1811 vocantur,
1376 1732 1798 1813 appellatione
1843 1730 2102 1825 propria
2156 1728 2520 1795 distinctam
2589 1748 2731 1795 esse

491 1827 690 1919 ὑγρὸν
736 1832 966 1899 ἔλαιον
982 1884 1001 1916 ,
1072 1835 1306 1899 sensim
1362 1853 1513 1899 vero
1556 1834 1719 1901 hanc
1762 1833 1887 1900 olei
1930 1827 2450 1912 significationem
2493 1831 2591 1897 ita
2638 1833 2732 1897 in-

406 1994 422 2001 -
485 1938 779 2018 valuisse,
824 1942 898 2003 ut
941 1920 1320 2004 adiectim
1367 1938 1868 2019 supprimeretur
1913 1932 2017 2018 [cf.
2062 1952 2121 2015 p.
2166 1931 2340 2018 299}
2390 1971 2463 1981 —
2516 1933 2730 2001 Tertio

485 2040 620 2104 loco
660 2039 769 2104 1113
814 2044 1262 2105 commemorat
1304 2036 1622 2128 τάφρος
1668 2034 2003 2124 ὀρυκτή,
2053 2035 2132 2101 113
2175 2054 2302 2118 quo
2344 2036 2515 2101 idem
2559 2038 2732 2119 quod

484 2159 600 2207 nos
644 2141 901 2223 iudicat,
949 2142 1040 2208 sic
1080 2141 1319 2235 fossam
1360 2140 1831 2230 χειροποίητον
1876 2138 2180 2220 distingui
2222 2157 2262 2203 a
2302 2140 2601 2205 naturali.
2650 2177 2721 2188 —-

483 2243 790 2310 Ultimum
836 2252 935 2311 est
1004 2243 1069 2314 Ξ
1077 2241 1119 2311 ά
1139 2251 1331 2322 νθος
1397 2244 1553 2329 ρέω
1570 2271 1630 2320 ν,
1700 2244 1779 2309 113
1823 2261 1947 2324 quo
1993 2242 2259 2322 dubitat,
2305 2246 2519 2308 utrum
2565 2244 2727 2308 anti-

487 2346 795 2413 diastolae
840 2365 1032 2413 causa
1075 2348 1312 2413 dictum
1356 2348 1468 2428 sit,
1533 2365 1615 2412 ne
1680 2347 1823 2429 quis
1889 2346 1968 2411 de
2011 2345 2385 2428 homonyme
2450 2347 2729 2427 quodam

483 2449 584 2514 vel
630 2451 822 2516 etiam
867 2451 946 2517 de
991 2450 1244 2515 Xantho
1289 2449 1447 2515 urbe
1492 2451 1743 2533 cogitet,
1812 2469 1893 2515 an
1939 2448 2136 2532 (quod
2178 2447 2600 2531 probabilius)
2645 2449 2729 2515 ad

486 2551 961 2636 significandum
1006 2553 1121 2619 τὸν
1164 2545 1238 2620 εὗ
1284 2554 1553 2642 ῥέοντα,
1615 2563 1767 2617 nam
1804 2553 1974 2618 idem
2018 2552 2168 2617 alibi
2217 2548 2461 2638 δινήεις
2505 2556 2573 2616 31
2616 2546 2726 2618 εὖ·

486 2654 588 2739 ρεί
592 2681 703 2743 της
746 2661 1034 2736 vocatur,
1101 2660 1168 2721 et
1228 2660 1568 2737 propterea
1631 2656 1741 2719 illa
1754 2655 1977 2742 fidictio
2038 2652 2263 2718 referri
2331 2647 2495 2718 solet
2556 2654 2726 2720 inter

484 2758 770 2839 exempla
815 2759 1054 2840 ellipsis
1123 2758 1403 2823 adverbii
1452 2751 1524 2824 εὖ
1540 2805 1559 2838 ,
1627 2756 1702 2822 cf.
1748 2756 1979 2844 Par-all.
2029 2754 2178 2835 1653
2246 2756 2360 2821 sed
2423 2757 2550 2827 vis,
2589 2758 2724 2826 eius

485 2862 640 2925 satis
685 2861 1056 2942 exprimitur
1099 2860 1291 2925 verbo
1335 2859 1603 2940 simplici
1647 2855 1804 2941 ῥεῖν,
1843 2845 2019 2939 quod
2052 2857 2224 2923 haud
2246 2858 2533 2923 omnibus
2579 2877 2725 2925 con-

481 2963 655 3028 venit
697 2962 903 3028 fluviis
948 2963 1328 3044 minimeque
1372 2966 1590 3028 nostro
1633 2959 1936 3043 inquilino
1979 2960 2072 3025 ita
2120 2959 2293 3054 lente
2336 2961 2594 3041 labenti,
2655 2967 2730 3028 ut

483 3066 933 3147 propemodum
975 3066 1322 3146 redarguat
1363 3065 1672 3131 Heracliti
1738 3061 2023 3129 effatum:
2093 3056 2211 3126 οὔκ
2281 3061 2421 3129 ἔστι
2491 3063 2594 3142 δὶς
2661 3064 2728 3143 ἐς

484 3166 599 3231 τὸν
645 3163 848 3232 αὐτὸν
897 3166 1175 3255 ἐμβῆναι
1248 3165 1575 3250 ποταμόν.
1628 3205 1699 3214 -
1752 3166 1896 3231 Alia
1957 3167 2387 3247 praetermisit
2453 3166 2727 3233 fortasse

371 3259 385 3266 ⁸
483 3272 708 3354 331333,
753 3271 903 3352 quia
945 3271 1074 3336 iam
1117 3289 1157 3336 a
1199 3271 1516 3353 prioribus
1561 3270 1718 3335 satis
1754 3269 2088 3350 explanata
2130 3270 2404 3350 putavit3
2449 3270 2727 3350 primum

483 3378 861 3459 γυναῖκες
906 3365 1248 3462 θήλεὶαι
1295 3376 1428 3439 sive
1470 3368 1842 3460 θηλύτεραι
1892 3371 2012 3437 1103
2057 3376 2157 3436 331
2197 3371 2366 3453 quod
2408 3365 2527 3437 nos
2571 3372 2724 3436 dici-

402 3463 420 3472 ”
480 3495 622 3540 mus
666 3488 836 3539 zarce
879 3476 1159 3560 Fraucm,
1225 3482 1299 3541 ut
1342 3469 1684 3556 Sophocles
1729 3492 1977 3556 quoque
2022 3461 2265 3555 accepit
2306 3473 2462 3560 γυνὴ
2506 3477 2727 3561 θῆλυς

481 3572 651 3644 οὖσα
699 3574 858 3643 κοῦκ
905 3574 1148 3665 ἀνδρὸς
1191 3574 1389 3666 φύσιν
1437 3577 1554 3643 313.
1584 3614 1656 3624 —-
1686 3577 1965 3658 Longius
2012 3595 2052 3640 a
2092 3581 2309 3642 nostro
2355 3594 2550 3641 sensu
2594 3576 2723 3641 dis-

493 3683 661 3747 cedit
706 3679 987 3764 ἰιχθύες
1029 3680 1308 3759 ’ἕλλοιᾍ
1375 3682 1432 3747 31
1473 3681 1633 3746 illud
1676 3677 2078 3761 significavit,
2147 3679 2315 3762 quod
2381 3677 2723 3759 Sophocles

482 3786 725 3867 sumsit,
774 3773 1001 3865 ἰχθύες
1048 3775 1325 3851 ἄναυδοι
1372 3787 1442 3848 31
1470 3781 1799 3865 Lycophro
1844 3782 2223 3853 adiectivum
2264 3782 2332 3845 in
2374 3779 2721 3846 substanti-

478 3906 626 3952 vum
672 3892 1042 3953 convertens
1086 3886 1332 3970 μυνὸὸς
1376 3884 1614 3973 ἔλλοψ.
1707 3882 1836 3950 Sed
1878 3885 2152 3950 delectat
2182 3889 2395 3951 tamen
2436 3884 2722 3966 legentes

479 3990 590 4055 illa
632 3990 857 4072 piscini
900 3990 1149 4071 generis
1192 3993 1345 4055 nota
1385 3987 1641 4070 propria
1685 3991 1752 4052 et
1793 3986 2132 4068 singularis
2148 4035 2164 4066 ,
2231 3987 2312 4052 de
2366 4005 2494 4068 qua
2537 3987 2722 4070 vulgo

482 4093 757 4181 cogitare
801 4110 926 4157 non
972 4092 1264 4157 solemus,
1292 4128 1362 4138 -—
1393 4087 1665 4155 Diversa
1707 4089 1953 4157 ratione
1992 4088 2220 4184 nititur
2260 4087 2451 4173 βόες
2518 4086 2676 4156 εἶλί
2695 4122 2723 4138 -

481 4219 534 4263 π
552 4222 587 4261 ο
604 4199 731 4273 δες
747 4247 763 4276 ,
809 4212 958 4259 nam
999 4194 1110 4258 illa
1152 4194 1385 4275 pedum
1427 4192 1810 4274 posticorum
1853 4189 2197 4270 fluctuatio,
2241 4209 2368 4272 qua
2407 4190 2605 4257 boves
2638 4190 2720 4257 ab

487 4299 628 4364 aliis
673 4296 1098 4364 animantibus
1139 4293 1470 4375 differunt,
1531 4295 1726 4361 cuivis
1769 4295 2020 4377 quidem
2067 4298 2214 4359 ante
2257 4293 2471 4360 oculos
2514 4294 2723 4377 posita
