2946 4928
409 348 493 419 36
1178 344 1740 420 DISSERTA'I'IO
1784 346 1892 419 VI.

406 515 844 599 glossographi
900 511 1251 595 καυστικός
1301 516 1829 599 interpretantur,
1896 516 2339 598 cogitationem
2381 515 2667 582 traducit

409 619 493 684 ad
548 618 811 685 verbum
874 620 1101 686 urendi
1164 618 1458 686 vastandi
1503 618 1619 688 δαί
1622 646 1708 703 ω,
1776 617 1945 683 unde
2007 636 2134 683 non
2177 619 2382 685 solum
2426 616 2551 708 δᾴς
2593 622 2666 685 et

376 808 379 811 .
410 719 613 801 δαλός
656 724 1043 805 ατοθεείιιιτ,.
1095 724 1210 790 sed
1252 723 1447 789 etiam
1505 723 1869 806 syntheton,
1916 722 2084 804 qu'od
2126 727 2384 788 nostrae
2428 739 2664 788 causae

408 826 697 908 propiUS,
770 823 1160 913 Πούρὸαιον
1224 832 1602 914 μαγειρεῖον
1654 822 1984 904 Λάκωνες
2024 824 2326 908 Hesych.,
2391 824 2510 892 hoc
2555 830 2663 891 est

410 925 736 1013 πυρόάΐον
801 928 933 994 sive
979 932 1368 1018 πυρδαεῖον,
1439 935 1631 1011 atque
1699 929 2076 996 adiectivum
2129 924 2436 1015 πυρδαὴς
2465 928 2664 1004 ,idem

411 1029 772 1113 significans
815 1031 984 1113 quod
1030 1031 1332 1120 πυρκαής
1369 1034 1504 1100 sive
1528 1030 1878 1120 πυρικαής.
1966 1031 2173 1097 Huius
2208 1049 2392 1097 casus
2422 1031 2665 1114 obliqui

410 1134 477 1199 in
521 1134 810 1214 versibus
856 1135 1178 1218 dactylicis
1214 1136 1407 1219 alpha
1448 1135 1805 1202 necessario
1848 1135 2105 1218 longum
2146 1135 2413 1202 habent:
2461 1160 2661 1220 πυρι-
2685 1215 2702 1221 ι

412 1238 613 1315 καέας
680 1229 928 1322 ἄνδρας
984 1238 1283 1321 Maneth.‚
1351 1240 1521 1324 quod
1584 1239 1941 1306 Meinekius
1986 1239 2125 1305 Del.
2177 1238 2298 1305 113
2343 1238 2665 1306 Leonidae

411 1339 663 1406 Tarent.
708 1341 986 1408 reddidit
1027 1361 1143 1425 pro
1187 1344 1579 1431 πυρικαιέος
1622 1342 1979 1410 substracto
2022 1341 2223 1409 fulcro
2265 1341 2489 1422 inutili,
2535 1360 2666 1423 quo

408 1436 593 1510 vacat
637 1444 971 1512 πολυκαέϊ
1025 1438 1200 1534 ὄγκῳ
1243 1448 1310 1514 in
1375 1448 1498 1514 alio
1542 1447 1826 1513 eiusdem
1891 1446 2087 1528 epigr.
2101 1496 2116 1527 ,
2182 1462 2389 1526 neque
2447 1442 2668 1510 ferunt

409 1545 807 1613 substantiva
828 1548 974 1615 hinc
1004 1552 1366 1618 emanantia
1397 1545 1737 1637 ἧλιοκιιΐα,
1779 1555 2128 1632 λυχνοκαϊα
2173 1553 2290 1614 etc.
2324 1548 2408 1613 ad
2427 1546 2659 1630 Phryn.

411 1648 555 1719 523.
643 1650 763 1718 His
788 1719 792 1722 Α
819 1652 1108 1720 omnibus
1164 1659 1232 1721 et
1284 1653 1617 1735 congeneri
1662 1648 1998 1737 πυρκαεύς
2062 1652 2447 1731 consuetudo
2492 1669 2656 1716 com-

410 1755 618 1821 munis
663 1755 854 1839 alpha
910 1755 1101 1824 breve
1163 1761 1238 1823 ut
1300 1756 1502 1822 nostri
1555 1756 1906 1840 lexigraphi
1962 1756 2323 1838 assignasse
2365 1754 2663 1821 videntur

412 1859 784 1925 conveniens
819 1858 1153 1926 Homerico
1200 1857 1516 1946 πυρκαΐη.
1607 1858 1925 1944 Singulari
1967 1879 2117 1927 vero
2162 1858 2484 1942 synaeresi
2525 1857 2660 1923 Eu-

410 1960 648 2044 ripides
715 1962 780 2026 in
846 1962 1039 2027 tertia
1100 1963 1374 2029 trimetri
1438 1961 1695 2043 dipodia
1760 1962 2089 2046 anapaesti
2145 1962 2424 2029 evitandi
2468 1980 2664 2029 causa

412 2063 811 2148 trisyllabum
854 2065 1067 2147 posuit
1110 2061 1282 2132 ἑπτὰ
1332 2064 1661 2152 πυρκαιὰς
1705 2071 1966 2153 νεκρῶν.

583 2167 812 2234 Verbis
845 2166 1037 2250 δαίω,
1085 2168 1255 2235 καίω
1302 2187 1453 2234 sono
1499 2169 1887 2252 simillimum
1916 2166 2085 2255 γαίω
2130 2187 2210 2234 ex
2251 2187 2373 2234 usu
2417 2164 2664 2256 effluxit

411 2270 596 2336 citius
609 2320 624 2351 ‚
694 2289 884 2353 quam
950 2272 1030 2337 ab
1087 2291 1165 2339 ex
1208 2272 1608 2338 ornatoribus
1652 2273 1905 2359 linguae
1947 2274 2014 2339 in
2055 2272 2266 2339 varias
2309 2270 2547 2353 figuras
2594 2275 2664 2337 et

409 2374 1047 2455 paraschematismos
1094 2375 1416 2442 diductum
1462 2382 1649 2444 esset.
1779 2376 1944 2443 Hinc
1993 2381 2209 2441 tamen
2251 2373 2660 2441 Aristarchus

409 2478 764 2544 vocativum
807 2474 1072 2564 βουγάϊε
1123 2485 1344 2546 natum
1408 2482 1658 2564 putavit
1727 2479 1809 2546 ad
1870 2478 2297 2545 denotandum
2338 2479 2660 2546 hominem

410 2583 645 2648 rustice
691 2582 1143 2662 exsultantem3
1189 2583 1298 2648 alii
1339 2581 1607 2670 βουγὴϊε
1667 2583 2014 2650 scribentes
2057 2581 2178 2666 hoc
2218 2583 2469 2649 nomine
2511 2590 2658 2664 pro·

413 2686 551 2767 prie
591 2689 767 2768 βοῖντ
821 2683 1100 2773 ἐργάτην
1164 2684 1504 2768 significari
1547 2687 1836 2766 tradunt,
1905 2704 2093 2768 quem
2139 2686 2248 2751 alii
2292 2689 2481 2770 γαῖον
2526 2684 2659 2750 sive

412 2787 600 2873 γάϊον
643 2789 854 2855 vocari
897 2793 1232 2856 testantur.
1263 2827 1334 2836 -
1387 2787 1536 2857 Sine
1578 2790 1792 2856 radice
1838 2791 2036 2856 crevit
2077 2788 2455 2854 Laconicum
2494 2784 2657 2870 χαΐα

415 2892 480 2956 in
523 2890 966 2973 Aristophanis
1031 2891 1379 2982 versibus„
1416 2892 1528 2959 ubi
1570 2893 1863 2959 Lacaena
1927 2892 2237 2974 loquitur;
2301 2891 2447 2957 hinc
2494 2893 2662 2979 χᾷος

412 2998 802 3060 contractum
847 2994 969 3059 dici
1011 2999 1245 3076 posset,
1293 2995 1407 3060 sed
1451 3015 1530 3060 ex
1571 3016 1697 3064 uno
1741 2997 1848 3062 illo
1894 2995 2210 3061 Theocriti
2251 2995 2387 3060 loco
2431 2992 2659 3059 merito

417 3096 738 3163 sublatum
783 3103 910 3177 est3
967 3097 1302 3179 syntheton
1358 3099 1423 3163 in
1468 3099 1786 3166 codicibus
1832 3099 2126 3181 Aeschyli
2169 3096 2458 3163 omnibus
2504 3096 2657 3163 scri-

410 3204 591 3282 ptum
636 3205 736 3265 est
776 3204 865 3283 βα
876 3205 1175 3282 θυχαῖος,
1224 3201 1340 3266 sed
1384 3202 1583 3268 critici
1624 3208 1917 3286 respectu
1961 3192 2260 3284 strophae
2279 3196 2661 3286 βαθυχάῖος

417 3308 901 3386 supposuerunt.
929 3341 1000 3351 -
1030 3304 1086 3368 E
1131 3304 1464 3387 gentiliciis
1502 3304 1625 3371 huc
1669 3305 2152 3372 adscribendum
2197 3309 2298 3370 est
2318 3303 2659 3369 Maeonum

412 3427 669 3489 nomen,
737 3426 894 3491 quos
943 3406 1171 3475 Graeci
1234 3409 1421 3491 vulgo
1478 3406 1822 3487 Μαίονας,
1887 3408 2202 3474 Homerus
2253 3405 2539 3495 Μῄονας
2596 3411 2663 3473 et

392 3510 732 3599 -Mrstovag
774 3515 957 3577 vocat
1013 3510 1522 3598 ἐκφωνηθέντος
1567 3515 1685 3579 τοῦ
1751 3515 1799 3596 ἶ,
1863 3511 2241 3593 eosdemque
2285 3509 2661 3576 Heraclides

415 3633 456 3678 a
496 3612 812 3686 nonnullis
844 3616 914 3674 Μ
922 3610 1122 3702 ήονας
1166 3615 1475 3697 appellari
1517 3616 1714 3681 tradit
1756 3634 1929 3683 more
1966 3615 2350 3704 Boeotorum
2394 3618 2501 3678 eta
2542 3632 2661 3695 pro

418 3718 490 3786 ἷιῖ
538 3717 922 3798 ponentium,
966 3716 1145 3783 Eust.
1170 3714 1315 3781 365.
1340 3716 1441 3783 27.
1476 3754 1548 3765 —-
1579 3717 1676 3785 De
1721 3720 1844 3784 alio
1887 3718 2076 3783 huius
2119 3716 2365 3781 numeri
2408 3716 2662 3782 nomine

417 3818 818 3885 Herodianus
862 3819 935 3886 11.
980 3818 1074 3885 IX
1118 3818 1242 3887 605
1288 3820 1392 3887 vel
1442 3839 1626 3887 suam
1668 3820 1769 3887 vel
1814 3821 2080 3886 aliorum
2125 3820 2506 3885 sententiam
2551 3838 2658 3886 ex-

414 3923 621 4005 ponit:
667 3920 865 4008 λόγος
931 3922 1104 3991 ἐστὶν
1150 3920 1241 4003 ὥς
1296 3931 1487 3991 πᾶσα
1542 3919 1777 3991 εὐθεῖα
1824 3925 2170 4009 ἀρσενικοῦ
2216 3920 2549 4007 ὀνόματος
2591 3921 2660 3991 ἐν

414 4032 498 4116 τῇ
564 4023 902 4115 τελευταίᾳ
970 4022 1089 4093 δύο
1155 4024 1397 4108 ἔχουσα
1464 4021 1808 4114 φωνήεντα
1866 4031 2073 4093 ταῦτα
2133 4025 2419 4115 ἕκφωνεῖ
2455 4025 2661 4115 χωρὶς

416 4131 531 4194 τοῦ
585 4128 788 4219 Θρᾷξ.
875 4128 1062 4195 Hunc
1103 4128 1423 4211 Atticum‚·
1446 4133 1521 4195 ut
1560 4134 1813 4211 vocant,
1861 4134 2187 4197 accentum
2230 4134 2517 4196 auctores
2560 4135 2659 4195 to-

382 4223 539 4298 nici
601 4231 968 4315 praeferunt
1033 4238 1297 4316 oxytono
1348 4228 1555 4323 Θρᾲξ,
1602 4233 1853 4315 utrique
1919 4239 2135 4300 autem
2197 4233 2329 4299 iota
2386 4232 2662 4299 adscribi

416 4335 700 4418 quidem,
747 4337 860 4402 sed
913 4355 1040 4404 non
1085 4337 1402 4404 enuntiari
1445 4336 1689 4419 docent,
1735 4356 1792 4403 v.
1836 4336 2065 4402 Parall.
2113 4333 2196 4402 99
2241 4341 2308 4403 et
2350 4334 2494 4403 541.
2584 4334 2661 4401 Id
