<?xml version="1.0" encoding="UTF-8"?>
<!DOCTYPE html PUBLIC "-//W3C//DTD XHTML 1.0 Transitional//EN"
    "http://www.w3.org/TR/xhtml1/DTD/xhtml1-transitional.dtd">
<html xmlns="http://www.w3.org/1999/xhtml" xml:lang="en" lang="en">
 <head>
  <title>
</title>
<meta http-equiv="Content-Type" content="text/html;charset=utf-8" />
  <meta name='ocr-system' content='tesseract 3.04.00' />
  <meta name='ocr-capabilities' content='ocr_page ocr_carea ocr_par ocr_line ocrx_word'/>
</head>
<body>
  <div class='ocr_page' id='page_1' title='image "./pathologiaegrae02lobegoog_0348.png"; bbox 0 0 2946 4928; ppageno 0'>
   <div class='ocr_carea' id='block_1_1' title="bbox 462 369 2387 451">
    <p class='ocr_par' dir='ltr' id='par_1_1' title="bbox 462 369 2387 451">
     <span class='ocr_line' id='line_1_1' title="bbox 462 369 2387 451; baseline -0.007 -2"><span class='ocrx_word' id='word_1_1' title='bbox 462 381 590 451; x_wconf 83' lang='lat'><strong>326</strong></span> <span class='ocrx_word' id='word_1_2' title='bbox 780 376 1206 446; x_wconf 82' lang='lat' dir='ltr'><strong>EPILOGUS</strong></span> <span class='ocrx_word' id='word_1_3' title='bbox 1255 376 1371 443; x_wconf 89' lang='lat' dir='ltr'><strong>DE</strong></span> <span class='ocrx_word' id='word_1_4' title='bbox 1413 370 2161 442; x_wconf 85' lang='lat' dir='ltr'>INTERPUNCTIONE</span> <span class='ocrx_word' id='word_1_5' title='bbox 2207 369 2387 437; x_wconf 87' lang='lat' dir='ltr'><strong>CUM</strong></span> 
     </span>
    </p>
   </div>
   <div class='ocr_carea' id='block_1_2' title="bbox 465 532 2711 620">
    <p class='ocr_par' dir='ltr' id='par_1_2' title="bbox 465 532 2711 620">
     <span class='ocr_line' id='line_1_2' title="bbox 465 532 2711 620; baseline -0.006 -9"><span class='ocrx_word' id='word_1_6' title='bbox 465 546 829 612; x_wconf 88' lang='lat' dir='ltr'><strong>continuata</strong></span> <span class='ocrx_word' id='word_1_7' title='bbox 890 543 1216 609; x_wconf 84' lang='lat' dir='ltr'><strong>dirimens</strong></span> <span class='ocrx_word' id='word_1_8' title='bbox 1258 541 1475 607; x_wconf 87' lang='lat' dir='ltr'><strong>addito</strong></span> <span class='ocrx_word' id='word_1_9' title='bbox 1531 538 1882 620; x_wconf 91' lang='lat' dir='ltr'><strong>pronomini</strong></span> <span class='ocrx_word' id='word_1_10' title='bbox 1936 541 2200 601; x_wconf 90' lang='lat' dir='ltr'><strong>accentu</strong></span> <span class='ocrx_word' id='word_1_11' title='bbox 2243 533 2419 616; x_wconf 84' lang='lat' dir='ltr'><strong>gravi</strong></span> <span class='ocrx_word' id='word_1_12' title='bbox 2442 533 2525 614; x_wconf 71' lang='lat'><strong>²¹³).</strong></span> <span class='ocrx_word' id='word_1_13' title='bbox 2616 532 2711 598; x_wconf 92' lang='lat' dir='ltr'><strong>De</strong></span> 
     </span>
    </p>
   </div>
   <div class='ocr_carea' id='block_1_3' title="bbox 463 647 2708 833">
    <p class='ocr_par' dir='ltr' id='par_1_3' title="bbox 463 647 2669 833">
     <span class='ocr_line' id='line_1_3' title="bbox 463 647 1252 727; baseline -0.006 -14"><span class='ocrx_word' id='word_1_14' title='bbox 463 647 581 713; x_wconf 92' lang='lat' dir='ltr'><strong>hoc</strong></span> <span class='ocrx_word' id='word_1_15' title='bbox 625 647 869 712; x_wconf 90' lang='lat' dir='ltr'><strong>dicetur</strong></span> <span class='ocrx_word' id='word_1_16' title='bbox 911 651 1152 727; x_wconf 90' lang='lat' dir='ltr'><strong>postea.</strong></span> <span class='ocrx_word' id='word_1_17' title='bbox 1245 647 1252 652; x_wconf 85' lang='grc'><strong>’</strong></span> 
     </span>
     <span class='ocr_line' id='line_1_4' title="bbox 634 741 2708 833; baseline -0.005 -20"><span class='ocrx_word' id='word_1_18' title='bbox 634 749 671 833; x_wconf 62' lang='grc' dir='ltr'>ξ</span> <span class='ocrx_word' id='word_1_19' title='bbox 716 747 775 813; x_wconf 90' lang='grc'><strong>3.</strong></span> <span class='ocrx_word' id='word_1_20' title='bbox 842 747 993 811; x_wconf 87' lang='lat' dir='ltr'><strong>Plus</strong></span> <span class='ocrx_word' id='word_1_21' title='bbox 1015 745 1252 828; x_wconf 85' lang='lat' dir='ltr'><strong>negotii</strong></span> <span class='ocrx_word' id='word_1_22' title='bbox 1272 744 1454 809; x_wconf 92' lang='lat' dir='ltr'><strong>nobis</strong></span> <span class='ocrx_word' id='word_1_23' title='bbox 1479 742 1778 808; x_wconf 79' lang='lat' dir='ltr'>exhibent</span> <span class='ocrx_word' id='word_1_24' title='bbox 1799 741 2219 806; x_wconf 87' lang='lat' dir='ltr'><strong>encliticae</strong></span> <span class='ocrx_word' id='word_1_25' title='bbox 2254 744 2480 804; x_wconf 86' lang='lat' dir='ltr'><strong>extra</strong></span> <span class='ocrx_word' id='word_1_26' title='bbox 2522 758 2708 820; x_wconf 91' lang='lat' dir='ltr'><strong>par-</strong></span> 
     </span>
    </p>
   </div>
   <div class='ocr_carea' id='block_1_4' title="bbox 423 843 2723 2771">
    <p class='ocr_par' dir='ltr' id='par_1_4' title="bbox 423 843 2723 2771">
     <span class='ocr_line' id='line_1_5' title="bbox 465 843 2711 928; baseline -0.004 -12"><span class='ocrx_word' id='word_1_27' title='bbox 465 850 832 916; x_wconf 87' lang='lat' dir='ltr'><strong>enthesin</strong></span> <span class='ocrx_word' id='word_1_28' title='bbox 875 847 1218 928; x_wconf 83' lang='lat' dir='ltr'><strong>positae,</strong></span> <span class='ocrx_word' id='word_1_29' title='bbox 1256 847 1527 911; x_wconf 78' lang='lat' dir='ltr'><strong>maxime</strong></span> <span class='ocrx_word' id='word_1_30' title='bbox 1550 844 1952 926; x_wconf 52' lang='lat' dir='ltr'><strong>pronomini&amp;</strong></span> <span class='ocrx_word' id='word_1_31' title='bbox 1977 844 2055 907; x_wconf 92' lang='lat' dir='ltr'><strong>de</strong></span> <span class='ocrx_word' id='word_1_32' title='bbox 2078 861 2203 924; x_wconf 93' lang='lat' dir='ltr'><strong>quo</strong></span> <span class='ocrx_word' id='word_1_33' title='bbox 2234 843 2497 924; x_wconf 79' lang='lat' dir='ltr'><strong>agimuS,</strong></span> <span class='ocrx_word' id='word_1_34' title='bbox 2524 861 2711 907; x_wconf 85' lang='lat' dir='ltr'><strong>casus</strong></span> 
     </span>
     <span class='ocr_line' id='line_1_6' title="bbox 463 946 2713 1034; baseline -0.003 -17"><span class='ocrx_word' id='word_1_35' title='bbox 463 953 691 1017; x_wconf 87' lang='lat' dir='ltr'><strong>tertius</strong></span> <span class='ocrx_word' id='word_1_36' title='bbox 714 955 1121 1034; x_wconf 84' lang='lat' dir='ltr'><strong>quartusque.</strong></span> <span class='ocrx_word' id='word_1_37' title='bbox 1178 949 1367 1014; x_wconf 91' lang='lat' dir='ltr'><strong>Illum</strong></span> <span class='ocrx_word' id='word_1_38' title='bbox 1391 952 1640 1014; x_wconf 90' lang='lat' dir='ltr'><strong>constat</strong></span> <span class='ocrx_word' id='word_1_39' title='bbox 1663 964 1853 1027; x_wconf 83' lang='lat' dir='ltr'><strong>saepe</strong></span> <span class='ocrx_word' id='word_1_40' title='bbox 1888 946 2145 1010; x_wconf 82' lang='lat' dir='ltr'><strong>vocati</strong></span> <span class='ocrx_word' id='word_1_41' title='bbox 2161 947 2273 1009; x_wconf 86' lang='lat' dir='ltr'><strong>vis</strong></span> <span class='ocrx_word' id='word_1_42' title='bbox 2307 946 2566 1027; x_wconf 85' lang='lat' dir='ltr'><strong>adiungi</strong></span> <span class='ocrx_word' id='word_1_43' title='bbox 2598 965 2713 1027; x_wconf 88' lang='lat' dir='ltr'><strong>pro</strong></span> 
     </span>
     <span class='ocr_line' id='line_1_7' title="bbox 463 1040 2712 1133; baseline -0.002 -15"><span class='ocrx_word' id='word_1_44' title='bbox 463 1055 745 1120; x_wconf 83' lang='lat' dir='ltr'><strong>vocativo</strong></span> <span class='ocrx_word' id='word_1_45' title='bbox 790 1052 1082 1118; x_wconf 87' lang='lat' dir='ltr'><strong>adiectivi</strong></span> <span class='ocrx_word' id='word_1_46' title='bbox 1103 1051 1446 1133; x_wconf 81' lang='lat' dir='ltr'><strong>possessivi</strong></span> <span class='ocrx_word' id='word_1_47' title='bbox 1492 1048 1628 1130; x_wconf 77' lang='grc' dir='ltr'><strong><em>ἐμέ,</em></strong></span> <span class='ocrx_word' id='word_1_48' title='bbox 1673 1066 1797 1129; x_wconf 92' lang='lat' dir='ltr'><strong>quo</strong></span> <span class='ocrx_word' id='word_1_49' title='bbox 1821 1045 2047 1111; x_wconf 86' lang='lat' dir='ltr'><strong>Graeci</strong></span> <span class='ocrx_word' id='word_1_50' title='bbox 2071 1053 2291 1113; x_wconf 83' lang='lat' dir='ltr'><strong>carent</strong></span> <span class='ocrx_word' id='word_1_51' title='bbox 2312 1049 2387 1130; x_wconf 87' lang='lat'><strong>¹):</strong></span> <span class='ocrx_word' id='word_1_52' title='bbox 2440 1040 2494 1112; x_wconf 79' lang='grc' dir='ltr'><em>ὦ</em></span> <span class='ocrx_word' id='word_1_53' title='bbox 2543 1048 2712 1113; x_wconf 81' lang='grc' dir='ltr'><strong><em>πόσι</em></strong></span> 
     </span>
     <span class='ocr_line' id='line_1_8' title="bbox 462 1141 2713 1240; baseline -0.003 -18"><span class='ocrx_word' id='word_1_54' title='bbox 462 1180 601 1239; x_wconf 86' lang='grc' dir='ltr'><strong><em>μοι,</em></strong></span> <span class='ocrx_word' id='word_1_55' title='bbox 650 1153 923 1240; x_wconf 72' lang='grc' dir='ltr'><em>σύγγονέ</em></span> <span class='ocrx_word' id='word_1_56' title='bbox 964 1179 1080 1236; x_wconf 83' lang='grc' dir='ltr'><strong>μοι</strong></span> <span class='ocrx_word' id='word_1_57' title='bbox 1149 1160 1216 1218; x_wconf 79' lang='lat' dir='ltr'><strong>et</strong></span> <span class='ocrx_word' id='word_1_58' title='bbox 1279 1154 1346 1218; x_wconf 89' lang='lat' dir='ltr'><strong>in</strong></span> <span class='ocrx_word' id='word_1_59' title='bbox 1387 1151 1646 1233; x_wconf 83' lang='lat' dir='ltr'><strong>plurali:</strong></span> <span class='ocrx_word' id='word_1_60' title='bbox 1716 1141 1768 1213; x_wconf 78' lang='grc' dir='ltr'><em>ὦ</em></span> <span class='ocrx_word' id='word_1_61' title='bbox 1815 1149 2069 1226; x_wconf 72' lang='grc' dir='ltr'><strong><em>κλεινὸς</em></strong></span> <span class='ocrx_word' id='word_1_62' title='bbox 2113 1145 2265 1234; x_wconf 69' lang='grc' dir='ltr'><strong>ἡμῖν</strong></span> <span class='ocrx_word' id='word_1_63' title='bbox 2311 1146 2514 1227; x_wconf 80' lang='grc' dir='ltr'><strong><em>πόσις</em></strong></span> <span class='ocrx_word' id='word_1_64' title='bbox 2556 1150 2713 1215; x_wconf 89' lang='lat' dir='ltr'><strong>Eur.</strong></span> 
     </span>
     <span class='ocr_line' id='line_1_9' title="bbox 464 1244 2712 1338; baseline -0.004 -14"><span class='ocrx_word' id='word_1_65' title='bbox 464 1259 617 1324; x_wconf 92' lang='lat' dir='ltr'><strong>Hec.</strong></span> <span class='ocrx_word' id='word_1_66' title='bbox 648 1256 812 1323; x_wconf 82' lang='lat'>1400</span> <span class='ocrx_word' id='word_1_67' title='bbox 856 1254 1083 1338; x_wconf 83' lang='grc'>(1420)</span> <span class='ocrx_word' id='word_1_68' title='bbox 1127 1256 1531 1336; x_wconf 85' lang='lat' dir='ltr'><strong>omniumque</strong></span> <span class='ocrx_word' id='word_1_69' title='bbox 1574 1252 2154 1334; x_wconf 85' lang='lat' dir='ltr'><strong>frequentissimum</strong></span> <span class='ocrx_word' id='word_1_70' title='bbox 2201 1244 2253 1314; x_wconf 73' lang='grc' dir='ltr'><strong><em>ὦ</em></strong></span> <span class='ocrx_word' id='word_1_71' title='bbox 2300 1252 2525 1317; x_wconf 64' lang='grc' dir='ltr'><strong><em>τέκνον</em></strong></span> <span class='ocrx_word' id='word_1_72' title='bbox 2569 1279 2712 1335; x_wconf 75' lang='grc' dir='ltr'>μοι.</span> 
     </span>
     <span class='ocr_line' id='line_1_10' title="bbox 464 1354 2717 1440; baseline -0.003 -14"><span class='ocrx_word' id='word_1_73' title='bbox 464 1361 711 1426; x_wconf 90' lang='lat' dir='ltr'><strong>Horum</strong></span> <span class='ocrx_word' id='word_1_74' title='bbox 756 1359 1045 1440; x_wconf 86' lang='lat' dir='ltr'><strong>exempla</strong></span> <span class='ocrx_word' id='word_1_75' title='bbox 1090 1376 1167 1430; x_wconf 83' lang='lat' dir='ltr'><strong>ex</strong></span> <span class='ocrx_word' id='word_1_76' title='bbox 1188 1358 1393 1438; x_wconf 88' lang='lat' dir='ltr'><strong>poetis</strong></span> <span class='ocrx_word' id='word_1_77' title='bbox 1436 1356 1696 1437; x_wconf 83' lang='lat' dir='ltr'><strong>tragicis</strong></span> <span class='ocrx_word' id='word_1_78' title='bbox 1720 1360 2017 1435; x_wconf 88' lang='lat' dir='ltr'><strong>excerpta</strong></span> <span class='ocrx_word' id='word_1_79' title='bbox 2037 1355 2366 1435; x_wconf 89' lang='lat' dir='ltr'><strong>proposuit</strong></span> <span class='ocrx_word' id='word_1_80' title='bbox 2388 1354 2717 1419; x_wconf 86' lang='lat' dir='ltr'><strong>Skrzezka</strong></span> 
     </span>
     <span class='ocr_line' id='line_1_11' title="bbox 463 1457 2716 1543; baseline -0.002 -16"><span class='ocrx_word' id='word_1_81' title='bbox 463 1463 530 1527; x_wconf 93' lang='lat' dir='ltr'><strong>in</strong></span> <span class='ocrx_word' id='word_1_82' title='bbox 597 1462 1021 1543; x_wconf 85' lang='lat' dir='ltr'><strong>disputatione</strong></span> <span class='ocrx_word' id='word_1_83' title='bbox 1075 1460 1465 1542; x_wconf 83' lang='lat' dir='ltr'><strong>perscienter</strong></span> <span class='ocrx_word' id='word_1_84' title='bbox 1529 1457 1855 1522; x_wconf 89' lang='lat' dir='ltr'><strong>elaborata</strong></span> <span class='ocrx_word' id='word_1_85' title='bbox 1922 1457 2000 1521; x_wconf 92' lang='lat' dir='ltr'><strong>de</strong></span> <span class='ocrx_word' id='word_1_86' title='bbox 2066 1457 2539 1537; x_wconf 90' lang='lat' dir='ltr'><strong>pronominibus</strong></span> <span class='ocrx_word' id='word_1_87' title='bbox 2610 1477 2716 1522; x_wconf 93' lang='lat' dir='ltr'><strong>or-</strong></span> 
     </span>
     <span class='ocr_line' id='line_1_12' title="bbox 464 1558 2718 1643; baseline -0.002 -13"><span class='ocrx_word' id='word_1_88' title='bbox 464 1563 932 1629; x_wconf 80' lang='lat' dir='ltr'><strong>thotonumenis</strong></span> <span class='ocrx_word' id='word_1_89' title='bbox 998 1563 1063 1627; x_wconf 89' lang='lat' dir='ltr'><strong>in</strong></span> <span class='ocrx_word' id='word_1_90' title='bbox 1105 1561 1297 1625; x_wconf 74' lang='lat' dir='ltr'><strong>Jahn.</strong></span> <span class='ocrx_word' id='word_1_91' title='bbox 1346 1560 1523 1623; x_wconf 80' lang='lat' dir='ltr'><strong>Neue</strong></span> <span class='ocrx_word' id='word_1_92' title='bbox 1564 1558 1824 1622; x_wconf 74' lang='lat' dir='ltr'><strong>Jahrbb.</strong></span> <span class='ocrx_word' id='word_1_93' title='bbox 1874 1558 2008 1643; x_wconf 69' lang='lat' dir='ltr'><strong>fiir</strong></span> <span class='ocrx_word' id='word_1_94' title='bbox 2049 1558 2279 1621; x_wconf 76' lang='lat' dir='ltr'><strong>Philol.</strong></span> <span class='ocrx_word' id='word_1_95' title='bbox 2341 1559 2410 1623; x_wconf 90' lang='lat' dir='ltr'><strong>T.</strong></span> <span class='ocrx_word' id='word_1_96' title='bbox 2454 1559 2578 1624; x_wconf 92' lang='lat' dir='ltr'><strong>VII</strong></span> <span class='ocrx_word' id='word_1_97' title='bbox 2652 1567 2718 1625; x_wconf 78' lang='lat' dir='ltr'><strong>et</strong></span> 
     </span>
     <span class='ocr_line' id='line_1_13' title="bbox 463 1660 2714 1747; baseline -0.003 -16"><span class='ocrx_word' id='word_1_98' title='bbox 463 1666 735 1731; x_wconf 84' lang='lat' dir='ltr'><strong>maxime</strong></span> <span class='ocrx_word' id='word_1_99' title='bbox 779 1664 844 1730; x_wconf 87' lang='lat' dir='ltr'><strong>in</strong></span> <span class='ocrx_word' id='word_1_100' title='bbox 888 1683 966 1729; x_wconf 92' lang='lat' dir='ltr'><strong>ea</strong></span> <span class='ocrx_word' id='word_1_101' title='bbox 1007 1669 1209 1745; x_wconf 88' lang='lat' dir='ltr'><strong>parte,</strong></span> <span class='ocrx_word' id='word_1_102' title='bbox 1256 1681 1420 1745; x_wconf 89' lang='lat' dir='ltr'><strong>quae</strong></span> <span class='ocrx_word' id='word_1_103' title='bbox 1462 1663 1771 1743; x_wconf 87' lang='lat' dir='ltr'><strong>inscripta</strong></span> <span class='ocrx_word' id='word_1_104' title='bbox 1813 1666 1916 1726; x_wconf 88' lang='lat' dir='ltr'><strong>est</strong></span> <span class='ocrx_word' id='word_1_105' title='bbox 1971 1660 2046 1724; x_wconf 81' lang='lat' dir='ltr'><strong>de</strong></span> <span class='ocrx_word' id='word_1_106' title='bbox 2074 1661 2562 1747; x_wconf 63' lang='lat' dir='ltr'><strong>pronominibus</strong></span> <span class='ocrx_word' id='word_1_107' title='bbox 2611 1685 2714 1725; x_wconf 74' lang='lat' dir='ltr'><strong>en·</strong></span> 
     </span>
     <span class='ocr_line' id='line_1_14' title="bbox 423 1761 2716 1852; baseline -0.001 -21"><span class='ocrx_word' id='word_1_108' title='bbox 423 1767 694 1837; x_wconf 25' lang='lat' dir='ltr'><strong>‘clitictb</strong></span> <span class='ocrx_word' id='word_1_109' title='bbox 749 1789 818 1830; x_wconf 83' lang='lat' dir='ltr'><strong>eo</strong></span> <span class='ocrx_word' id='word_1_110' title='bbox 864 1767 997 1830; x_wconf 84' lang='lat' dir='ltr'><strong>loco</strong></span> <span class='ocrx_word' id='word_1_111' title='bbox 1042 1766 1319 1851; x_wconf 69' lang='lat' dir='ltr'><strong>positia,</strong></span> <span class='ocrx_word' id='word_1_112' title='bbox 1386 1765 1503 1828; x_wconf 80' lang='lat' dir='ltr'><strong>ubi</strong></span> <span class='ocrx_word' id='word_1_113' title='bbox 1539 1765 1723 1852; x_wconf 74' lang='lat' dir='ltr'><strong>vulyo</strong></span> <span class='ocrx_word' id='word_1_114' title='bbox 1772 1763 2083 1850; x_wconf 73' lang='lat' dir='ltr'><strong>distinqui</strong></span> <span class='ocrx_word' id='word_1_115' title='bbox 2120 1765 2275 1826; x_wconf 69' lang='lat' dir='ltr'><strong>solet</strong></span> <span class='ocrx_word' id='word_1_116' title='bbox 2337 1784 2395 1846; x_wconf 91' lang='lat' dir='ltr'><strong>p.</strong></span> <span class='ocrx_word' id='word_1_117' title='bbox 2450 1761 2570 1827; x_wconf 85' lang='lat'><strong>198</strong></span> <span class='ocrx_word' id='word_1_118' title='bbox 2620 1783 2716 1845; x_wconf 83' lang='lat' dir='ltr'><strong>sq.</strong></span> 
     </span>
     <span class='ocr_line' id='line_1_15' title="bbox 465 1859 2719 1950; baseline -0.002 -15"><span class='ocrx_word' id='word_1_119' title='bbox 465 1859 710 1935; x_wconf 88' lang='lat' dir='ltr'><strong>Horum</strong></span> <span class='ocrx_word' id='word_1_120' title='bbox 763 1869 1064 1933; x_wconf 90' lang='lat' dir='ltr'><strong>nonnulla</strong></span> <span class='ocrx_word' id='word_1_121' title='bbox 1126 1868 1229 1933; x_wconf 89' lang='lat' dir='ltr'><strong>hic</strong></span> <span class='ocrx_word' id='word_1_122' title='bbox 1281 1887 1588 1950; x_wconf 90' lang='lat' dir='ltr'><strong>reponere</strong></span> <span class='ocrx_word' id='word_1_123' title='bbox 1645 1887 1832 1950; x_wconf 83' lang='lat' dir='ltr'><strong>cogor</strong></span> <span class='ocrx_word' id='word_1_124' title='bbox 1875 1872 2235 1932; x_wconf 87' lang='lat' dir='ltr'><strong>universam</strong></span> <span class='ocrx_word' id='word_1_125' title='bbox 2275 1868 2719 1948; x_wconf 90' lang='lat' dir='ltr'><strong>quaestionem</strong></span> 
     </span>
     <span class='ocr_line' id='line_1_16' title="bbox 465 1968 2720 2053; baseline -0.001 -15"><span class='ocrx_word' id='word_1_126' title='bbox 465 1972 777 2053; x_wconf 86' lang='lat' dir='ltr'><strong>copiosius</strong></span> <span class='ocrx_word' id='word_1_127' title='bbox 842 1971 1286 2051; x_wconf 86' lang='lat' dir='ltr'><strong>explicaturus.</strong></span> <span class='ocrx_word' id='word_1_128' title='bbox 1394 1972 1676 2036; x_wconf 90' lang='lat' dir='ltr'><strong>Primum</strong></span> <span class='ocrx_word' id='word_1_129' title='bbox 1731 1971 2083 2049; x_wconf 88' lang='lat' dir='ltr'><strong>dubitatur,</strong></span> <span class='ocrx_word' id='word_1_130' title='bbox 2150 1968 2300 2034; x_wconf 75' lang='lat' dir='ltr'><strong>&#39;num</strong></span> <span class='ocrx_word' id='word_1_131' title='bbox 2365 1989 2720 2051; x_wconf 90' lang='lat' dir='ltr'><strong>pronomen</strong></span> 
     </span>
     <span class='ocr_line' id='line_1_17' title="bbox 468 2072 2719 2155; baseline -0.001 -16"><span class='ocrx_word' id='word_1_132' title='bbox 468 2092 612 2139; x_wconf 93' lang='lat' dir='ltr'><strong>cum</strong></span> <span class='ocrx_word' id='word_1_133' title='bbox 675 2075 965 2139; x_wconf 82' lang='lat' dir='ltr'><strong>vocativo</strong></span> <span class='ocrx_word' id='word_1_134' title='bbox 1032 2073 1397 2152; x_wconf 86' lang='lat' dir='ltr'><strong>cohaereat,</strong></span> <span class='ocrx_word' id='word_1_135' title='bbox 1465 2092 1547 2137; x_wconf 88' lang='lat' dir='ltr'><strong>an</strong></span> <span class='ocrx_word' id='word_1_136' title='bbox 1616 2091 1755 2138; x_wconf 87' lang='lat' dir='ltr'><strong>cum</strong></span> <span class='ocrx_word' id='word_1_137' title='bbox 1819 2074 1926 2153; x_wconf 88' lang='lat' dir='ltr'><strong>iis,</strong></span> <span class='ocrx_word' id='word_1_138' title='bbox 1993 2092 2156 2155; x_wconf 89' lang='lat' dir='ltr'><strong>quae</strong></span> <span class='ocrx_word' id='word_1_139' title='bbox 2222 2072 2719 2153; x_wconf 86' lang='lat' dir='ltr'><strong>subsequuntur.</strong></span> 
     </span>
     <span class='ocr_line' id='line_1_18' title="bbox 464 2168 2720 2260; baseline -0.001 -19"><span class='ocrx_word' id='word_1_140' title='bbox 464 2177 542 2241; x_wconf 89' lang='lat' dir='ltr'><strong>In</strong></span> <span class='ocrx_word' id='word_1_141' title='bbox 585 2176 717 2244; x_wconf 81' lang='lat' dir='ltr'><strong>Ale.</strong></span> <span class='ocrx_word' id='word_1_142' title='bbox 749 2174 874 2239; x_wconf 86' lang='grc'><strong>314</strong></span> <span class='ocrx_word' id='word_1_143' title='bbox 920 2174 1104 2258; x_wconf 82' lang='grc'><strong>(323)</strong></span> <span class='ocrx_word' id='word_1_144' title='bbox 1149 2174 1229 2242; x_wconf 82' lang='grc' dir='ltr'><strong>σὺ</strong></span> <span class='ocrx_word' id='word_1_145' title='bbox 1276 2171 1354 2251; x_wconf 71' lang='grc' dir='ltr'><strong>δ’,</strong></span> <span class='ocrx_word' id='word_1_146' title='bbox 1405 2168 1458 2241; x_wconf 81' lang='grc' dir='ltr'><strong><em>ὦ</em></strong></span> <span class='ocrx_word' id='word_1_147' title='bbox 1504 2176 1728 2243; x_wconf 67' lang='grc' dir='ltr'><em>τέκνον</em></span> <span class='ocrx_word' id='word_1_148' title='bbox 1770 2200 1911 2259; x_wconf 85' lang='grc' dir='ltr'><strong><em>μοι,</em></strong></span> <span class='ocrx_word' id='word_1_149' title='bbox 1962 2178 2105 2253; x_wconf 81' lang='grc' dir='ltr'><strong>πῶς</strong></span> <span class='ocrx_word' id='word_1_150' title='bbox 2149 2172 2720 2260; x_wconf 53' lang='grc' dir='ltr'><strong><em>κορευθήσειμα-</em></strong></span> 
     </span>
     <span class='ocr_line' id='line_1_19' title="bbox 468 2277 2720 2361; baseline 0 -18"><span class='ocrx_word' id='word_1_151' title='bbox 468 2281 625 2358; x_wconf 79' lang='grc' dir='ltr'><strong>λῶςς</strong></span> <span class='ocrx_word' id='word_1_152' title='bbox 690 2278 1094 2343; x_wconf 84' lang='lat' dir='ltr'><strong>Hermannus</strong></span> <span class='ocrx_word' id='word_1_153' title='bbox 1151 2279 1308 2344; x_wconf 92' lang='lat' dir='ltr'><strong>illud</strong></span> <span class='ocrx_word' id='word_1_154' title='bbox 1352 2280 1738 2361; x_wconf 87' lang='lat' dir='ltr'><strong>transposito</strong></span> <span class='ocrx_word' id='word_1_155' title='bbox 1783 2283 2093 2343; x_wconf 90' lang='lat' dir='ltr'><strong>commate</strong></span> <span class='ocrx_word' id='word_1_156' title='bbox 2157 2296 2275 2358; x_wconf 91' lang='lat' dir='ltr'><strong>per</strong></span> <span class='ocrx_word' id='word_1_157' title='bbox 2316 2277 2720 2359; x_wconf 85' lang='lat' dir='ltr'><strong>hyperbaton</strong></span> 
     </span>
     <span class='ocr_line' id='line_1_20' title="bbox 462 2369 2721 2464; baseline -0 -18"><span class='ocrx_word' id='word_1_158' title='bbox 462 2382 920 2463; x_wconf 84' lang='lat' dir='ltr'><strong>interpretatur</strong></span> <span class='ocrx_word' id='word_1_159' title='bbox 967 2369 1112 2459; x_wconf 59' lang='grc' dir='ltr'><strong>πῶς</strong></span> <span class='ocrx_word' id='word_1_160' title='bbox 1154 2406 1290 2463; x_wconf 82' lang='grc' dir='ltr'>μοι.</span> <span class='ocrx_word' id='word_1_161' title='bbox 1377 2381 1557 2445; x_wconf 91' lang='lat' dir='ltr'><strong>Idem</strong></span> <span class='ocrx_word' id='word_1_162' title='bbox 1600 2381 1796 2446; x_wconf 78' lang='lat' dir='ltr'><strong>Andr.</strong></span> <span class='ocrx_word' id='word_1_163' title='bbox 1844 2377 1969 2444; x_wconf 83' lang='grc'>’734</span> <span class='ocrx_word' id='word_1_164' title='bbox 2021 2377 2203 2463; x_wconf 85' lang='grc'>(748)</span> <span class='ocrx_word' id='word_1_165' title='bbox 2252 2376 2436 2464; x_wconf 70' lang='grc' dir='ltr'><em>ἡγοῦ,</em></span> <span class='ocrx_word' id='word_1_166' title='bbox 2486 2381 2721 2448; x_wconf 75' lang='grc' dir='ltr'><em>τέκνον</em></span> 
     </span>
     <span class='ocr_line' id='line_1_21' title="bbox 464 2477 2716 2571; baseline -0.001 -22"><span class='ocrx_word' id='word_1_167' title='bbox 464 2508 605 2567; x_wconf 82' lang='grc' dir='ltr'><strong><em>μοι,</em></strong></span> <span class='ocrx_word' id='word_1_168' title='bbox 654 2477 825 2568; x_wconf 76' lang='grc' dir='ltr'><strong><em>δεῦρ’</em></strong></span> <span class='ocrx_word' id='word_1_169' title='bbox 867 2478 978 2549; x_wconf 74' lang='grc' dir='ltr'><strong>ὑπ’</strong></span> <span class='ocrx_word' id='word_1_170' title='bbox 1008 2478 1326 2571; x_wconf 71' lang='grc' dir='ltr'><strong>ἅγκάλαις</strong></span> <span class='ocrx_word' id='word_1_171' title='bbox 1347 2482 1628 2562; x_wconf 76' lang='grc' dir='ltr'><strong><em>σταθείς</em></strong></span> <span class='ocrx_word' id='word_1_172' title='bbox 1651 2490 1751 2549; x_wconf 79' lang='lat' dir='ltr'><strong>ter</strong></span> <span class='ocrx_word' id='word_1_173' title='bbox 1773 2485 2188 2566; x_wconf 73' lang='lat' dir='ltr'><strong>int-emungit:</strong></span> <span class='ocrx_word' id='word_1_174' title='bbox 2237 2479 2412 2569; x_wconf 68' lang='grc' dir='ltr'><em>ἧγοΐῖ,</em></span> <span class='ocrx_word' id='word_1_175' title='bbox 2463 2484 2716 2565; x_wconf 73' lang='grc' dir='ltr'><em>τέκνον,</em></span> 
     </span>
     <span class='ocr_line' id='line_1_22' title="bbox 465 2582 2723 2684; baseline 0 -33"><span class='ocrx_word' id='word_1_176' title='bbox 465 2611 582 2670; x_wconf 88' lang='grc' dir='ltr'><strong>μοι</strong></span> <span class='ocrx_word' id='word_1_177' title='bbox 598 2635 618 2667; x_wconf 84' lang='grc'><em>,</em></span> <span class='ocrx_word' id='word_1_178' title='bbox 667 2582 839 2670; x_wconf 76' lang='grc' dir='ltr'><em>δεῦρ’</em></span> <span class='ocrx_word' id='word_1_179' title='bbox 872 2624 943 2632; x_wconf 91' lang='grc'><strong>-</strong></span> <span class='ocrx_word' id='word_1_180' title='bbox 972 2606 1317 2668; x_wconf 90' lang='lat' dir='ltr'><strong>pronomen</strong></span> <span class='ocrx_word' id='word_1_181' title='bbox 1335 2668 1342 2684; x_wconf 43' lang='lat'><strong>·</strong></span> <span class='ocrx_word' id='word_1_182' title='bbox 1359 2588 1732 2669; x_wconf 90' lang='lat' dir='ltr'><strong>imperativo</strong></span> <span class='ocrx_word' id='word_1_183' title='bbox 1777 2587 2116 2669; x_wconf 66' lang='lat' dir='ltr'><strong>applicans</strong></span> <span class='ocrx_word' id='word_1_184' title='bbox 2204 2586 2353 2652; x_wconf 88' lang='lat' dir='ltr'><strong>Mea</strong></span> <span class='ocrx_word' id='word_1_185' title='bbox 2396 2588 2723 2651; x_wconf 90' lang='lat' dir='ltr'><strong>sententia</strong></span> 
     </span>
     <span class='ocr_line' id='line_1_23' title="bbox 468 2689 2719 2771; baseline -0 -16"><span class='ocrx_word' id='word_1_186' title='bbox 468 2691 720 2755; x_wconf 87' lang='lat' dir='ltr'><strong>dativus</strong></span> <span class='ocrx_word' id='word_1_187' title='bbox 766 2690 1048 2756; x_wconf 85' lang='lat' dir='ltr'><strong>vocativo</strong></span> <span class='ocrx_word' id='word_1_188' title='bbox 1068 2690 1340 2755; x_wconf 86' lang='lat' dir='ltr'><strong>blandae</strong></span> <span class='ocrx_word' id='word_1_189' title='bbox 1364 2690 1806 2770; x_wconf 87' lang='lat' dir='ltr'><strong>appellationis</strong></span> <span class='ocrx_word' id='word_1_190' title='bbox 1830 2708 2022 2755; x_wconf 89' lang='lat' dir='ltr'><strong>causa</strong></span> <span class='ocrx_word' id='word_1_191' title='bbox 2054 2689 2338 2771; x_wconf 79' lang='lat' dir='ltr'><strong>adiectus</strong></span> <span class='ocrx_word' id='word_1_192' title='bbox 2361 2695 2478 2754; x_wconf 87' lang='lat' dir='ltr'><strong>est.</strong></span> <span class='ocrx_word' id='word_1_193' title='bbox 2505 2725 2587 2736; x_wconf 90' lang='lat'><strong>—</strong></span> <span class='ocrx_word' id='word_1_194' title='bbox 2612 2689 2719 2754; x_wconf 88' lang='lat' dir='ltr'><strong>Ab</strong></span> 
     </span>
    </p>
   </div>
   <div class='ocr_carea' id='block_1_5' title="bbox 608 2946 2720 3093">
    <p class='ocr_par' dir='ltr' id='par_1_5' title="bbox 608 2946 2720 3093">
     <span class='ocr_line' id='line_1_24' title="bbox 608 2946 2720 3093; baseline -0.001 -57"><span class='ocrx_word' id='word_1_195' title='bbox 608 2983 663 3041; x_wconf 90' lang='grc' dir='ltr'><strong>ι)</strong></span> <span class='ocrx_word' id='word_1_196' title='bbox 696 2946 918 3093; x_wconf 52' lang='grc'>1001</span> <span class='ocrx_word' id='word_1_197' title='bbox 953 2985 1092 3035; x_wconf 71' lang='lat' dir='ltr'><strong>mx·</strong></span> <span class='ocrx_word' id='word_1_198' title='bbox 1115 2979 1219 3036; x_wconf 78' lang='grc'><strong>400</strong></span> <span class='ocrx_word' id='word_1_199' title='bbox 1253 2979 1603 3050; x_wconf 74' lang='lat' dir='ltr'><strong>p.1871.2:3</strong></span> <span class='ocrx_word' id='word_1_200' title='bbox 1637 2982 1948 3034; x_wconf 56' lang='lat' dir='ltr'><strong>Euanthius</strong></span> <span class='ocrx_word' id='word_1_201' title='bbox 2016 2978 2073 3034; x_wconf 72' lang='grc' dir='ltr'><strong>ιὰ</strong></span> <span class='ocrx_word' id='word_1_202' title='bbox 2125 2976 2406 3053; x_wconf 47' lang='grc' dir='ltr'><strong>ηγαμρρὸς</strong></span> <span class='ocrx_word' id='word_1_203' title='bbox 2441 2978 2573 3042; x_wconf 68' lang='grc' dir='ltr'><strong>εμὰς</strong></span> <span class='ocrx_word' id='word_1_204' title='bbox 2607 2978 2720 3034; x_wconf 62' lang='grc' dir='ltr'><strong>θύ-</strong></span> 
     </span>
    </p>
   </div>
   <div class='ocr_carea' id='block_1_6' title="bbox 469 3057 2763 3139">
    <p class='ocr_par' dir='ltr' id='par_1_6' title="bbox 469 3057 2763 3139">
     <span class='ocr_line' id='line_1_25' title="bbox 469 3057 2763 3139; baseline 0 -20"><span class='ocrx_word' id='word_1_205' title='bbox 469 3073 636 3139; x_wconf 71' lang='grc' dir='ltr'><em>γριτέρ</em></span> <span class='ocrx_word' id='word_1_206' title='bbox 673 3068 761 3120; x_wconf 66' lang='grc' dir='ltr'><strong>τέ*</strong></span> <span class='ocrx_word' id='word_1_207' title='bbox 814 3065 936 3120; x_wconf 73' lang='grc' dir='ltr'><strong>ἀντὶ</strong></span> <span class='ocrx_word' id='word_1_208' title='bbox 974 3070 1069 3120; x_wconf 77' lang='grc' dir='ltr'><strong>τοῦ</strong></span> <span class='ocrx_word' id='word_1_209' title='bbox 1109 3057 1151 3118; x_wconf 79' lang='grc' dir='ltr'><em>ὦ</em></span> <span class='ocrx_word' id='word_1_210' title='bbox 1196 3071 1420 3135; x_wconf 80' lang='grc' dir='ltr'><em>γαμβρέ</em></span> <span class='ocrx_word' id='word_1_211' title='bbox 1458 3081 1583 3122; x_wconf 82' lang='grc' dir='ltr'>ιιοι·</span> <span class='ocrx_word' id='word_1_212' title='bbox 1595 3124 1603 3131; x_wconf 51' lang='grc'>,</span> <span class='ocrx_word' id='word_1_213' title='bbox 1637 3065 1832 3120; x_wconf 82' lang='grc' dir='ltr'><strong><em>κωλύει</em></strong></span> <span class='ocrx_word' id='word_1_214' title='bbox 1876 3066 1937 3119; x_wconf 79' lang='grc' dir='ltr'><strong>δὲ</strong></span> <span class='ocrx_word' id='word_1_215' title='bbox 1988 3063 2047 3119; x_wconf 76' lang='grc' dir='ltr'><strong>τὸ</strong></span> <span class='ocrx_word' id='word_1_216' title='bbox 2091 3070 2270 3120; x_wconf 71' lang='grc' dir='ltr'><em>εἰπεῖν</em></span> <span class='ocrx_word' id='word_1_217' title='bbox 2314 3071 2536 3134; x_wconf 78' lang='grc' dir='ltr'><em>γαμβρέ</em></span> <span class='ocrx_word' id='word_1_218' title='bbox 2576 3068 2763 3120; x_wconf 75' lang='grc' dir='ltr'><em>κατὰ·</em></span> 
     </span>
    </p>
   </div>
   <div class='ocr_carea' id='block_1_7' title="bbox 469 3148 2726 4250">
    <p class='ocr_par' dir='ltr' id='par_1_7' title="bbox 469 3148 2726 4250">
     <span class='ocr_line' id='line_1_26' title="bbox 469 3148 2723 3222; baseline 0.002 -20"><span class='ocrx_word' id='word_1_219' title='bbox 469 3150 721 3219; x_wconf 76' lang='grc' dir='ltr'><strong><em>κληπκὴν</em></strong></span> <span class='ocrx_word' id='word_1_220' title='bbox 759 3149 790 3218; x_wconf 81' lang='grc' dir='ltr'><strong><em>ἦ</em></strong></span> <span class='ocrx_word' id='word_1_221' title='bbox 827 3149 957 3222; x_wconf 66' lang='grc' dir='ltr'><strong>ἐμός</strong></span> <span class='ocrx_word' id='word_1_222' title='bbox 993 3149 1341 3218; x_wconf 69' lang='grc' dir='ltr'><strong><em>ἀντωνυμία,</em></strong></span> <span class='ocrx_word' id='word_1_223' title='bbox 1401 3172 1461 3215; x_wconf 87' lang='grc' dir='ltr'><strong>ης</strong></span> <span class='ocrx_word' id='word_1_224' title='bbox 1499 3151 1598 3205; x_wconf 80' lang='grc' dir='ltr'><strong>οὐκ</strong></span> <span class='ocrx_word' id='word_1_225' title='bbox 1648 3153 1760 3205; x_wconf 73' lang='grc' dir='ltr'><strong>ἔστι</strong></span> <span class='ocrx_word' id='word_1_226' title='bbox 1797 3149 2014 3217; x_wconf 77' lang='grc' dir='ltr'><strong><em>κλητικὴ</em></strong></span> <span class='ocrx_word' id='word_1_227' title='bbox 2058 3148 2145 3203; x_wconf 81' lang='grc' dir='ltr'><strong>δι</strong></span> <span class='ocrx_word' id='word_1_228' title='bbox 2096 3172 2151 3203; x_wconf 83' lang='grc' dir='ltr'><strong>ια</strong></span> <span class='ocrx_word' id='word_1_229' title='bbox 2197 3150 2293 3217; x_wconf 78' lang='grc' dir='ltr'><strong>τὴν</strong></span> <span class='ocrx_word' id='word_1_230' title='bbox 2328 3159 2723 3221; x_wconf 74' lang='grc' dir='ltr'>συνέμπτωσιν</span> 
     </span>
     <span class='ocr_line' id='line_1_27' title="bbox 469 3231 2726 3310; baseline 0.002 -22"><span class='ocrx_word' id='word_1_231' title='bbox 469 3233 566 3302; x_wconf 78' lang='grc' dir='ltr'><strong>τὴν</strong></span> <span class='ocrx_word' id='word_1_232' title='bbox 602 3233 740 3307; x_wconf 82' lang='grc' dir='ltr'><em>πρὸς</em></span> <span class='ocrx_word' id='word_1_233' title='bbox 776 3236 970 3310; x_wconf 73' lang='grc' dir='ltr'><em>ἑτέραν</em></span> <span class='ocrx_word' id='word_1_234' title='bbox 1006 3237 1365 3309; x_wconf 71' lang='grc' dir='ltr'>ἀντωνυμίαν</span> <span class='ocrx_word' id='word_1_235' title='bbox 1402 3231 1598 3291; x_wconf 71' lang='lat' dir='ltr'><strong>airaon</strong></span> <span class='ocrx_word' id='word_1_236' title='bbox 1585 3235 1721 3305; x_wconf 82' lang='grc' dir='ltr'><strong>κήν.</strong></span> <span class='ocrx_word' id='word_1_237' title='bbox 1793 3242 1898 3291; x_wconf 87' lang='lat' dir='ltr'><strong>Hic</strong></span> <span class='ocrx_word' id='word_1_238' title='bbox 1942 3241 2176 3291; x_wconf 83' lang='lat' dir='ltr'><strong>vocativi</strong></span> <span class='ocrx_word' id='word_1_239' title='bbox 2219 3239 2457 3290; x_wconf 83' lang='lat' dir='ltr'><strong>defectus</strong></span> <span class='ocrx_word' id='word_1_240' title='bbox 2506 3240 2726 3292; x_wconf 81' lang='lat' dir='ltr'><strong>dubiam</strong></span> 
     </span>
     <span class='ocr_line' id='line_1_28' title="bbox 471 3325 2724 3395; baseline 0.003 -21"><span class='ocrx_word' id='word_1_241' title='bbox 471 3325 646 3376; x_wconf 83' lang='lat' dir='ltr'><strong>reddit</strong></span> <span class='ocrx_word' id='word_1_242' title='bbox 682 3326 904 3378; x_wconf 82' lang='lat' dir='ltr'><strong>Seidleri</strong></span> <span class='ocrx_word' id='word_1_243' title='bbox 939 3329 1292 3379; x_wconf 85' lang='lat' dir='ltr'><strong>coniecturam</strong></span> <span class='ocrx_word' id='word_1_244' title='bbox 1332 3327 1783 3395; x_wconf 79' lang='lat' dir='ltr'><strong>elegantissimam</strong></span> <span class='ocrx_word' id='word_1_245' title='bbox 1822 3326 1886 3376; x_wconf 90' lang='lat' dir='ltr'><strong>de</strong></span> <span class='ocrx_word' id='word_1_246' title='bbox 1913 3326 2209 3377; x_wconf 87' lang='lat' dir='ltr'><strong>Philodemi</strong></span> <span class='ocrx_word' id='word_1_247' title='bbox 2243 3325 2427 3392; x_wconf 84' lang='lat' dir='ltr'><strong>Epigr.</strong></span> <span class='ocrx_word' id='word_1_248' title='bbox 2461 3327 2511 3377; x_wconf 90' lang='lat' dir='ltr'><strong>V</strong></span> <span class='ocrx_word' id='word_1_249' title='bbox 2543 3343 2597 3377; x_wconf 89' lang='grc'><strong>11.</strong></span> <span class='ocrx_word' id='word_1_250' title='bbox 2617 3325 2724 3380; x_wconf 84' lang='grc'><strong>132</strong></span> 
     </span>
     <span class='ocr_line' id='line_1_29' title="bbox 472 3396 2723 3479; baseline 0.001 -20"><span class='ocrx_word' id='word_1_251' title='bbox 472 3396 516 3459; x_wconf 82' lang='grc' dir='ltr'><strong><em>ὦ</em></strong></span> <span class='ocrx_word' id='word_1_252' title='bbox 553 3405 750 3475; x_wconf 78' lang='grc' dir='ltr'><em>ποδὸς,</em></span> <span class='ocrx_word' id='word_1_253' title='bbox 803 3399 847 3463; x_wconf 81' lang='grc' dir='ltr'><strong><em>ὦ</em></strong></span> <span class='ocrx_word' id='word_1_254' title='bbox 883 3407 1091 3478; x_wconf 77' lang='grc' dir='ltr'><em>κνήμης</em></span> <span class='ocrx_word' id='word_1_255' title='bbox 1127 3435 1194 3447; x_wconf 91' lang='grc'><strong>-</strong></span> <span class='ocrx_word' id='word_1_256' title='bbox 1232 3399 1276 3463; x_wconf 79' lang='grc' dir='ltr'><strong><em>ὦ</em></strong></span> <span class='ocrx_word' id='word_1_257' title='bbox 1315 3412 1425 3464; x_wconf 77' lang='grc' dir='ltr'><strong>τῶν</strong></span> <span class='ocrx_word' id='word_1_258' title='bbox 1461 3417 1675 3479; x_wconf 59' lang='lat' dir='ltr'><strong>clv-spe</strong></span> <span class='ocrx_word' id='word_1_259' title='bbox 1710 3415 2044 3479; x_wconf 74' lang='grc' dir='ltr'><em>φωναρίων,</em></span> <span class='ocrx_word' id='word_1_260' title='bbox 2104 3427 2240 3477; x_wconf 81' lang='lat' dir='ltr'><strong>quae</strong></span> <span class='ocrx_word' id='word_1_261' title='bbox 2272 3413 2346 3461; x_wconf 85' lang='lat' dir='ltr'><strong>ita</strong></span> <span class='ocrx_word' id='word_1_262' title='bbox 2381 3413 2620 3477; x_wconf 79' lang='lat' dir='ltr'><strong>corrig-it·</strong></span> <span class='ocrx_word' id='word_1_263' title='bbox 2681 3398 2723 3462; x_wconf 77' lang='grc' dir='ltr'><strong><em>ὦ</em></strong></span> 
     </span>
     <span class='ocr_line' id='line_1_30' title="bbox 473 3491 2724 3571; baseline 0.001 -27"><span class='ocrx_word' id='word_1_264' title='bbox 473 3491 988 3571; x_wconf 56' lang='grc' dir='ltr'>1ῶνηθῦμ’ἔμέ“</span> <span class='ocrx_word' id='word_1_265' title='bbox 1045 3500 1374 3565; x_wconf 74' lang='grc' dir='ltr'><em>ᾳωναρίων,</em></span> <span class='ocrx_word' id='word_1_266' title='bbox 1426 3498 1584 3564; x_wconf 89' lang='lat' dir='ltr'><strong>idque</strong></span> <span class='ocrx_word' id='word_1_267' title='bbox 1640 3498 1836 3549; x_wconf 85' lang='lat' dir='ltr'><strong>dictum</strong></span> <span class='ocrx_word' id='word_1_268' title='bbox 1883 3514 2000 3548; x_wconf 85' lang='lat' dir='ltr'><strong>esse</strong></span> <span class='ocrx_word' id='word_1_269' title='bbox 2053 3503 2114 3549; x_wconf 82' lang='lat' dir='ltr'><strong>ut</strong></span> <span class='ocrx_word' id='word_1_270' title='bbox 2147 3498 2396 3549; x_wconf 82' lang='lat' dir='ltr'><strong>Latinum</strong></span> <span class='ocrx_word' id='word_1_271' title='bbox 2431 3497 2600 3548; x_wconf 74' lang='lat' dir='ltr'><strong>anime</strong></span> <span class='ocrx_word' id='word_1_272' title='bbox 2632 3498 2724 3559; x_wconf 73' lang='lat' dir='ltr'><strong>mi,</strong></span> 
     </span>
     <span class='ocr_line' id='line_1_31' title="bbox 471 3580 2724 3650; baseline 0.001 -20"><span class='ocrx_word' id='word_1_273' title='bbox 471 3596 526 3630; x_wconf 85' lang='lat' dir='ltr'><strong>v.</strong></span> <span class='ocrx_word' id='word_1_274' title='bbox 560 3581 753 3633; x_wconf 85' lang='lat' dir='ltr'><strong>Relatt.</strong></span> <span class='ocrx_word' id='word_1_275' title='bbox 789 3580 907 3634; x_wconf 85' lang='lat' dir='ltr'><strong>Act.</strong></span> <span class='ocrx_word' id='word_1_276' title='bbox 944 3583 1135 3634; x_wconf 84' lang='lat' dir='ltr'><strong>Societ.</strong></span> <span class='ocrx_word' id='word_1_277' title='bbox 1170 3583 1315 3649; x_wconf 80' lang='lat' dir='ltr'><strong>Lips.</strong></span> <span class='ocrx_word' id='word_1_278' title='bbox 1354 3599 1477 3634; x_wconf 82' lang='lat' dir='ltr'><strong>ann.</strong></span> <span class='ocrx_word' id='word_1_279' title='bbox 1519 3581 1656 3636; x_wconf 79' lang='grc'>1846</span> <span class='ocrx_word' id='word_1_280' title='bbox 1691 3601 1744 3648; x_wconf 87' lang='lat' dir='ltr'><strong>p.</strong></span> <span class='ocrx_word' id='word_1_281' title='bbox 1781 3581 1900 3638; x_wconf 90' lang='grc'>129.</span> <span class='ocrx_word' id='word_1_282' title='bbox 1972 3584 2229 3650; x_wconf 89' lang='lat' dir='ltr'><strong>Equidem</strong></span> <span class='ocrx_word' id='word_1_283' title='bbox 2265 3599 2475 3645; x_wconf 84' lang='lat' dir='ltr'><strong>vereor,</strong></span> <span class='ocrx_word' id='word_1_284' title='bbox 2530 3598 2598 3633; x_wconf 88' lang='grc'><strong>110</strong></span> <span class='ocrx_word' id='word_1_285' title='bbox 2630 3584 2724 3633; x_wconf 82' lang='lat' dir='ltr'><strong>hic</strong></span> 
     </span>
     <span class='ocr_line' id='line_1_32' title="bbox 472 3666 2721 3735; baseline 0.001 -19"><span class='ocrx_word' id='word_1_286' title='bbox 472 3666 832 3717; x_wconf 80' lang='lat' dir='ltr'><strong>barbarismus</strong></span> <span class='ocrx_word' id='word_1_287' title='bbox 886 3669 1179 3733; x_wconf 74' lang='lat' dir='ltr'><strong>gentilitate</strong></span> <span class='ocrx_word' id='word_1_288' title='bbox 1235 3670 1497 3735; x_wconf 80' lang='lat' dir='ltr'><strong>loquentis</strong></span> <span class='ocrx_word' id='word_1_289' title='bbox 1551 3669 1912 3732; x_wconf 86' lang='lat' dir='ltr'><strong>(mulierculae</strong></span> <span class='ocrx_word' id='word_1_290' title='bbox 1958 3672 2094 3720; x_wconf 89' lang='lat' dir='ltr'><strong>enim</strong></span> <span class='ocrx_word' id='word_1_291' title='bbox 2131 3670 2403 3720; x_wconf 85' lang='lat' dir='ltr'><strong>Romanae</strong></span> <span class='ocrx_word' id='word_1_292' title='bbox 2453 3670 2545 3719; x_wconf 85' lang='lat' dir='ltr'><strong>illa</strong></span> <span class='ocrx_word' id='word_1_293' title='bbox 2600 3674 2721 3720; x_wconf 80' lang='lat' dir='ltr'><strong>sunt</strong></span> 
     </span>
     <span class='ocr_line' id='line_1_33' title="bbox 479 3748 2720 3821; baseline 0.001 -18"><span class='ocrx_word' id='word_1_294' title='bbox 479 3751 665 3816; x_wconf 86' lang='lat' dir='ltr'><strong>verba)</strong></span> <span class='ocrx_word' id='word_1_295' title='bbox 701 3769 807 3804; x_wconf 90' lang='lat' dir='ltr'><strong>non</strong></span> <span class='ocrx_word' id='word_1_296' title='bbox 845 3754 975 3804; x_wconf 80' lang='lat' dir='ltr'><strong>satis</strong></span> <span class='ocrx_word' id='word_1_297' title='bbox 1012 3761 1304 3817; x_wconf 77' lang='lat' dir='ltr'><strong>excusetur,</strong></span> <span class='ocrx_word' id='word_1_298' title='bbox 1341 3761 1719 3821; x_wconf 87' lang='lat' dir='ltr'><strong>praetereaque</strong></span> <span class='ocrx_word' id='word_1_299' title='bbox 1770 3771 1804 3806; x_wconf 87' lang='lat' dir='ltr'><strong>a</strong></span> <span class='ocrx_word' id='word_1_300' title='bbox 1837 3748 2231 3806; x_wconf 81' lang='lat' dir='ltr'><strong>blandientibus</strong></span> <span class='ocrx_word' id='word_1_301' title='bbox 2266 3770 2371 3805; x_wconf 89' lang='lat' dir='ltr'><strong>non</strong></span> <span class='ocrx_word' id='word_1_302' title='bbox 2410 3748 2591 3819; x_wconf 78' lang='grc' dir='ltr'><em>θυμός</em></span> <span class='ocrx_word' id='word_1_303' title='bbox 2626 3769 2720 3820; x_wconf 87' lang='lat' dir='ltr'><strong>ap·</strong></span> 
     </span>
     <span class='ocr_line' id='line_1_34' title="bbox 478 3827 2717 3907; baseline 0.002 -19"><span class='ocrx_word' id='word_1_304' title='bbox 478 3839 729 3904; x_wconf 80' lang='lat' dir='ltr'><strong>pellatur,</strong></span> <span class='ocrx_word' id='word_1_305' title='bbox 766 3839 861 3890; x_wconf 82' lang='lat' dir='ltr'><strong>sed</strong></span> <span class='ocrx_word' id='word_1_306' title='bbox 908 3834 1085 3905; x_wconf 73' lang='grc' dir='ltr'><strong><em>ψυχήε</em></strong></span> <span class='ocrx_word' id='word_1_307' title='bbox 1137 3827 1179 3889; x_wconf 80' lang='grc' dir='ltr'><em>ὦ</em></span> <span class='ocrx_word' id='word_1_308' title='bbox 1218 3841 1349 3907; x_wconf 83' lang='grc' dir='ltr'><strong><em>φίλη</em></strong></span> <span class='ocrx_word' id='word_1_309' title='bbox 1386 3837 1557 3907; x_wconf 82' lang='grc' dir='ltr'>ψυχή.</span> <span class='ocrx_word' id='word_1_310' title='bbox 1630 3842 1740 3891; x_wconf 86' lang='lat' dir='ltr'><strong>Nec</strong></span> <span class='ocrx_word' id='word_1_311' title='bbox 1775 3842 1955 3891; x_wconf 85' lang='lat' dir='ltr'><strong>deerat</strong></span> <span class='ocrx_word' id='word_1_312' title='bbox 1990 3840 2267 3905; x_wconf 84' lang='lat' dir='ltr'><strong>effugium:</strong></span> <span class='ocrx_word' id='word_1_313' title='bbox 2323 3837 2434 3906; x_wconf 68' lang='lat' dir='ltr'><strong>‹pt&#39;l&#39;</strong></span> <span class='ocrx_word' id='word_1_314' title='bbox 2475 3838 2578 3902; x_wconf 72' lang='grc' dir='ltr'><strong>ἐμέ</strong></span> <span class='ocrx_word' id='word_1_315' title='bbox 2609 3842 2643 3892; x_wconf 92' lang='lat' dir='ltr'><strong>i.</strong></span> <span class='ocrx_word' id='word_1_316' title='bbox 2670 3856 2717 3905; x_wconf 71' lang='lat' dir='ltr'><strong>q,</strong></span> 
     </span>
     <span class='ocr_line' id='line_1_35' title="bbox 474 3924 2720 3991; baseline 0.001 -18"><span class='ocrx_word' id='word_1_317' title='bbox 474 3926 621 3991; x_wconf 68' lang='grc' dir='ltr'><strong><em>φίλει</em></strong></span> <span class='ocrx_word' id='word_1_318' title='bbox 657 3939 730 3990; x_wconf 87' lang='grc' dir='ltr'><strong>με</strong></span> <span class='ocrx_word' id='word_1_319' title='bbox 766 3924 913 3975; x_wconf 70' lang='lat' dir='ltr'><strong>basia</strong></span> <span class='ocrx_word' id='word_1_320' title='bbox 945 3940 1042 3985; x_wconf 77' lang='lat' dir='ltr'><strong>me,</strong></span> <span class='ocrx_word' id='word_1_321' title='bbox 1078 3925 1218 3990; x_wconf 88' lang='lat' dir='ltr'><strong>quod</strong></span> <span class='ocrx_word' id='word_1_322' title='bbox 1252 3925 1447 3990; x_wconf 74' lang='lat' dir='ltr'><strong>legitur</strong></span> <span class='ocrx_word' id='word_1_323' title='bbox 1483 3927 1647 3980; x_wconf 80' lang='lat' dir='ltr'><strong>Anth.</strong></span> <span class='ocrx_word' id='word_1_324' title='bbox 1687 3927 1737 3977; x_wconf 89' lang='lat' dir='ltr'><strong>V</strong></span> <span class='ocrx_word' id='word_1_325' title='bbox 1786 3925 1908 3989; x_wconf 79' lang='lat'><strong>1583</strong></span> <span class='ocrx_word' id='word_1_326' title='bbox 1944 3927 2048 3977; x_wconf 79' lang='lat' dir='ltr'><strong>nisi</strong></span> <span class='ocrx_word' id='word_1_327' title='bbox 2083 3928 2219 3978; x_wconf 83' lang='lat' dir='ltr'><strong>forte</strong></span> <span class='ocrx_word' id='word_1_328' title='bbox 2251 3932 2408 3991; x_wconf 79' lang='lat' dir='ltr'><strong>poeta</strong></span> <span class='ocrx_word' id='word_1_329' title='bbox 2440 3941 2605 3977; x_wconf 85' lang='lat' dir='ltr'><strong>ausus</strong></span> <span class='ocrx_word' id='word_1_330' title='bbox 2640 3933 2720 3977; x_wconf 80' lang='lat' dir='ltr'><strong>est</strong></span> 
     </span>
     <span class='ocr_line' id='line_1_36' title="bbox 472 4003 2717 4078; baseline 0.001 -18"><span class='ocrx_word' id='word_1_331' title='bbox 472 4003 623 4060; x_wconf 65' lang='lat' dir='ltr'><strong>xboo&#39;</strong></span> <span class='ocrx_word' id='word_1_332' title='bbox 665 4006 764 4070; x_wconf 73' lang='grc' dir='ltr'><strong>ἐμέ</strong></span> <span class='ocrx_word' id='word_1_333' title='bbox 793 4009 968 4060; x_wconf 87' lang='lat' dir='ltr'><strong>dicere</strong></span> <span class='ocrx_word' id='word_1_334' title='bbox 1001 4026 1097 4074; x_wconf 88' lang='lat' dir='ltr'><strong>pro</strong></span> <span class='ocrx_word' id='word_1_335' title='bbox 1135 4004 1308 4062; x_wconf 80' lang='grc' dir='ltr'><em>κύσον</em></span> <span class='ocrx_word' id='word_1_336' title='bbox 1341 4014 1401 4060; x_wconf 82' lang='lat' dir='ltr'><strong>ut</strong></span> <span class='ocrx_word' id='word_1_337' title='bbox 1433 4011 1563 4062; x_wconf 82' lang='grc' dir='ltr'><strong><em>λῦσε</em></strong></span> <span class='ocrx_word' id='word_1_338' title='bbox 1599 4026 1693 4078; x_wconf 87' lang='lat' dir='ltr'><strong>pro</strong></span> <span class='ocrx_word' id='word_1_339' title='bbox 1730 4011 1919 4076; x_wconf 76' lang='grc' dir='ltr'><em>λῦσον,</em></span> <span class='ocrx_word' id='word_1_340' title='bbox 1952 4029 2003 4061; x_wconf 88' lang='lat' dir='ltr'><strong>v.</strong></span> <span class='ocrx_word' id='word_1_341' title='bbox 2033 4013 2157 4063; x_wconf 87' lang='lat' dir='ltr'><strong>adn.</strong></span> <span class='ocrx_word' id='word_1_342' title='bbox 2193 4014 2263 4063; x_wconf 86' lang='lat' dir='ltr'><strong>ad</strong></span> <span class='ocrx_word' id='word_1_343' title='bbox 2296 4013 2472 4063; x_wconf 89' lang='lat' dir='ltr'><strong>Buttm</strong></span> <span class='ocrx_word' id='word_1_344' title='bbox 2522 4029 2577 4077; x_wconf 87' lang='lat' dir='ltr'><strong>p.</strong></span> <span class='ocrx_word' id='word_1_345' title='bbox 2598 4009 2717 4063; x_wconf 70' lang='lat'><strong>⁴88.</strong></span> 
     </span>
     <span class='ocr_line' id='line_1_37' title="bbox 475 4086 2716 4150; baseline 0.002 -5"><span class='ocrx_word' id='word_1_346' title='bbox 475 4120 538 4131; x_wconf 91' lang='lat'>-</span> <span class='ocrx_word' id='word_1_347' title='bbox 576 4095 698 4145; x_wconf 81' lang='lat' dir='ltr'><strong>Alio</strong></span> <span class='ocrx_word' id='word_1_348' title='bbox 735 4094 891 4145; x_wconf 85' lang='lat' dir='ltr'><strong>modo</strong></span> <span class='ocrx_word' id='word_1_349' title='bbox 926 4095 1190 4148; x_wconf 80' lang='lat' dir='ltr'><strong>Homerus</strong></span> <span class='ocrx_word' id='word_1_350' title='bbox 1225 4098 1525 4147; x_wconf 82' lang='lat' dir='ltr'><strong>vocativum</strong></span> <span class='ocrx_word' id='word_1_351' title='bbox 1562 4099 1819 4149; x_wconf 82' lang='lat' dir='ltr'><strong>novit-ium</strong></span> <span class='ocrx_word' id='word_1_352' title='bbox 1871 4086 1913 4148; x_wconf 85' lang='grc' dir='ltr'><em>ὦ</em></span> <span class='ocrx_word' id='word_1_353' title='bbox 1952 4098 2052 4149; x_wconf 68' lang='grc' dir='ltr'><strong>θεέ</strong></span> <span class='ocrx_word' id='word_1_354' title='bbox 2084 4098 2369 4149; x_wconf 79' lang='lat' dir='ltr'><strong>declinavit</strong></span> <span class='ocrx_word' id='word_1_355' title='bbox 2404 4099 2503 4150; x_wconf 87' lang='lat' dir='ltr'><strong>Od.</strong></span> <span class='ocrx_word' id='word_1_356' title='bbox 2539 4099 2580 4149; x_wconf 91' lang='lat' dir='ltr'><strong>ll</strong></span> <span class='ocrx_word' id='word_1_357' title='bbox 2613 4096 2716 4150; x_wconf 79' lang='grc'><strong>262</strong></span> 
     </span>
     <span class='ocr_line' id='line_1_38' title="bbox 479 4164 2509 4250; baseline 0.002 -20"><span class='ocrx_word' id='word_1_358' title='bbox 479 4179 649 4230; x_wconf 78' lang='grc' dir='ltr'><strong><em>κλῦθί</em></strong></span> <span class='ocrx_word' id='word_1_359' title='bbox 675 4194 800 4246; x_wconf 81' lang='grc' dir='ltr'><strong><em>μευ,</em></strong></span> <span class='ocrx_word' id='word_1_360' title='bbox 842 4171 872 4231; x_wconf 79' lang='grc' dir='ltr'>ὃ</span> <span class='ocrx_word' id='word_1_361' title='bbox 896 4176 1090 4247; x_wconf 73' lang='grc' dir='ltr'><strong><em>χθιζὸς</em></strong></span> <span class='ocrx_word' id='word_1_362' title='bbox 1126 4175 1258 4241; x_wconf 74' lang='grc' dir='ltr'><strong><em>θεὸς</em></strong></span> <span class='ocrx_word' id='word_1_363' title='bbox 1292 4172 1510 4246; x_wconf 77' lang='grc' dir='ltr'><em>ἤλυθες,</em></span> <span class='ocrx_word' id='word_1_364' title='bbox 1546 4182 1601 4232; x_wconf 85' lang='lat' dir='ltr'><strong>id</strong></span> <span class='ocrx_word' id='word_1_365' title='bbox 1636 4189 1718 4234; x_wconf 80' lang='lat' dir='ltr'><strong>est</strong></span> <span class='ocrx_word' id='word_1_366' title='bbox 1753 4170 1795 4234; x_wconf 83' lang='grc' dir='ltr'><strong><em>ὦ</em></strong></span> <span class='ocrx_word' id='word_1_367' title='bbox 1835 4182 1948 4244; x_wconf 77' lang='grc' dir='ltr'><strong>θεέ,</strong></span> <span class='ocrx_word' id='word_1_368' title='bbox 1987 4164 2051 4241; x_wconf 66' lang='grc' dir='ltr'><strong>ἓξ</strong></span> <span class='ocrx_word' id='word_1_369' title='bbox 2073 4175 2509 4250; x_wconf 69' lang='grc' dir='ltr'><strong>χθιζὸς,ἤλυθες.</strong></span> 
     </span>
    </p>
   </div>
   <div class='ocr_carea' id='block_1_8' title="bbox 557 4248 2841 4337">
    <p class='ocr_par' dir='ltr' id='par_1_8' title="bbox 557 4248 2841 4337">
     <span class='ocr_line' id='line_1_39' title="bbox 557 4248 2841 4337; baseline 0.004 -25"><span class='ocrx_word' id='word_1_370' title='bbox 557 4292 566 4312; x_wconf 65' lang='lat'><em>1</em></span> <span class='ocrx_word' id='word_1_371' title='bbox 612 4262 671 4328; x_wconf 72' lang='lat'><strong>³⁸¹)</strong></span> <span class='ocrx_word' id='word_1_372' title='bbox 707 4264 872 4317; x_wconf 57' lang='lat' dir='ltr'><strong>Adra:</strong></span> <span class='ocrx_word' id='word_1_373' title='bbox 925 4264 1129 4329; x_wconf 58' lang='lat' dir='ltr'><strong>„3va</strong></span> <span class='ocrx_word' id='word_1_374' title='bbox 1162 4264 1243 4332; x_wconf 77' lang='grc' dir='ltr'><strong>δὲ,</strong></span> <span class='ocrx_word' id='word_1_375' title='bbox 1280 4268 1380 4334; x_wconf 81' lang='grc' dir='ltr'><strong>μοὶ</strong></span> <span class='ocrx_word' id='word_1_376' title='bbox 1420 4264 1596 4330; x_wconf 78' lang='grc' dir='ltr'><strong><em>δοκεῖ,</em></strong></span> <span class='ocrx_word' id='word_1_377' title='bbox 1637 4262 1795 4326; x_wconf 83' lang='grc' dir='ltr'><em>πόλις</em></span> <span class='ocrx_word' id='word_1_378' title='bbox 1830 4257 1966 4320; x_wconf 78' lang='grc' dir='ltr'><em>οὖσα</em></span> <span class='ocrx_word' id='word_1_379' title='bbox 2006 4265 2069 4319; x_wconf 78' lang='grc' dir='ltr'><strong>τὰ</strong></span> <span class='ocrx_word' id='word_1_380' title='bbox 2099 4260 2332 4337; x_wconf 72' lang='grc' dir='ltr'><strong>’Ἄρβηλα</strong></span> <span class='ocrx_word' id='word_1_381' title='bbox 2371 4264 2717 4337; x_wconf 73' lang='grc' dir='ltr'><em>ἀπηνέγκατο</em></span> <span class='ocrx_word' id='word_1_382' title='bbox 2774 4314 2779 4319; x_wconf 82' lang='lat'><strong>.</strong></span> <span class='ocrx_word' id='word_1_383' title='bbox 2835 4248 2841 4255; x_wconf 20' lang='grc' dir='ltr'><strong><em>ὁ</em></strong></span> 
     </span>
    </p>
   </div>
   <div class='ocr_carea' id='block_1_9' title="bbox 478 4349 2521 4426">
    <p class='ocr_par' dir='ltr' id='par_1_9' title="bbox 478 4349 2521 4426">
     <span class='ocr_line' id='line_1_40' title="bbox 478 4349 2521 4426; baseline 0.003 -27"><span class='ocrx_word' id='word_1_384' title='bbox 478 4349 686 4400; x_wconf 74' lang='lat' dir='ltr'><strong>Arx-ian.</strong></span> <span class='ocrx_word' id='word_1_385' title='bbox 722 4350 872 4405; x_wconf 82' lang='lat' dir='ltr'><strong>Alex.</strong></span> <span class='ocrx_word' id='word_1_386' title='bbox 907 4351 984 4403; x_wconf 83' lang='lat' dir='ltr'><strong>vl</strong></span> <span class='ocrx_word' id='word_1_387' title='bbox 1021 4352 1102 4405; x_wconf 93' lang='grc'><strong>11.</strong></span> <span class='ocrx_word' id='word_1_388' title='bbox 1149 4352 1234 4420; x_wconf 85' lang='grc'><strong>10,</strong></span> <span class='ocrx_word' id='word_1_389' title='bbox 1266 4370 1319 4405; x_wconf 77' lang='lat' dir='ltr'><strong>v·</strong></span> <span class='ocrx_word' id='word_1_390' title='bbox 1351 4352 1618 4407; x_wconf 74' lang='lat' dir='ltr'><strong>Ellendt-‘⁴</strong></span> <span class='ocrx_word' id='word_1_391' title='bbox 1659 4351 1747 4420; x_wconf 79' lang='grc' dir='ltr'><strong>[δέ</strong></span> <span class='ocrx_word' id='word_1_392' title='bbox 1775 4372 1874 4423; x_wconf 86' lang='grc' dir='ltr'><strong>μοι</strong></span> <span class='ocrx_word' id='word_1_393' title='bbox 1909 4353 2066 4406; x_wconf 72' lang='grc' dir='ltr'><strong><em>δοκεῖ</em></strong></span> <span class='ocrx_word' id='word_1_394' title='bbox 2098 4354 2351 4426; x_wconf 72' lang='lat' dir='ltr'><strong>Krueqer.</strong></span> <span class='ocrx_word' id='word_1_395' title='bbox 2387 4357 2418 4418; x_wconf 65' lang='grc' dir='ltr'>ξ</span> <span class='ocrx_word' id='word_1_396' title='bbox 2451 4351 2521 4423; x_wconf 88' lang='grc'><strong>6.]</strong></span> 
     </span>
    </p>
   </div>
  </div>
 </body>
</html>
