2946 4928
430 268 546 334 DE
591 266 1081 349 SYNAERESI,
1127 264 1530 335 DLAERESI
1569 271 1690 333 eto.
1755 266 1928 377 P411.
1976 265 2043 334 Ο.
2066 266 2149 332 IL
2194 267 2249 352 ξ.
2272 268 2332 334 2.
2409 264 2490 331 81

254 432 502 523 Eadem
567 429 850 513 pressius
918 436 985 496 et
1049 431 1414 496 adstrictius
1481 430 1670 496 schol.
1736 429 1898 494 Plat.
1943 427 2151 513 Symp.
2205 425 2266 513 p'.
2311 427 2394 494 37
2440 426 2495 492 B

256 534 417 620 (258
459 532 705 617 Bekk.)
748 538 814 599 et
857 533 981 598 alii.
1067 533 1269 599 Nobis
1334 533 1490 599 satis
1556 538 1658 598 est
1721 532 1879 598 duas
1941 532 2257 599 noscitare
2311 532 2498 598 huius

253 638 560 720 temporis
603 635 857 716 formae,
900 637 1158 703 bibreve
1204 633 1280 704 ἔα
1307 638 1406 721 (ut
1452 635 1737 721 ἐτίθεα),
1783 654 1906 718 quo
1939 635 2256 701 Homerus
2299 634 2508 699 utitur,

256 740 447 809 metri
491 740 715 822 gratia,
761 744 828 804 et
859 732 917 823 ἦ,
964 759 1088 821 quo
1110 739 1305 805 Attici
1326 759 1774 821 nonnunquam
1803 756 1918 821 pro
1949 731 2025 826 ἦν
2048 739 2180 805 sive
2203 730 2291 824 ἤμ
2302 763 2390 825 ην.
2425 775 2492 784 -·-

259 843 584 909 Aeristum
629 839 864 932 ἓάφθη
907 843 1312 908 Aristarchus
1358 842 1440 908 ad
1486 842 1630 909 ἕπω
1675 842 1895 931 retulit
1936 861 2015 907 ex
2048 836 2260 930 εἷ’ῲθη
2282 846 2501 909 natum

259 952 439 1013 ratus
485 945 710 1028 dialysi
756 945 1077 1027 singulari,
1126 950 1199 1011 ut
1240 947 1307 1010 in
1348 945 1493 1010 ΕΜ.
1540 946 1770 1011 dicitur
1816 939 1893 1012 οὗ
1940 945 2066 1032 γὰρ
2109 940 2212 1023 εἰς
2247 948 2275 1014 ἒ
2329 943 2440 1011 καὶ
2472 948 2502 1014 ἶ

258 1149 715 1217 mutationibus
759 1150 1028 1216 diximus
1068 1151 1338 1217 Elemm.
1381 1151 1414 1216 I
1458 1148 1541 1216 56
1587 1170 1679 1232 sq.
1727 1188 1798 1198 -
1852 1149 2352 1234 Synecphonesis
2396 1169 2501 1215 ex·-

261 1254 539 1336 emplum
581 1251 847 1334 praebet
908 1254 1313 1335 participium
1356 1253 1584 1340 ἐγχέας
1598 1304 1612 1330 ,
1669 1252 1853 1337 quod
1893 1254 2231 1317 Anacreon
2275 1265 2332 1317 et
2374 1252 2497 1317 Xe·

259 1355 584 1442 nopkanee
648 1352 895 1422 duabus
964 1357 1320 1420 extulerunt
1384 1355 1646 1442 syllabis
1712 1356 1984 1423 Meinek.
2050 1356 2289 1423 Delect.
2361 1355 2500 1422 192.

263 1458 394 1550 Sed
433 1459 514 1524 de
559 1458 846 1540 partibus
891 1459 1193 1526 orationis
1239 1458 1717 1525 declinabilibus
1765 1461 1937 1525 satis,
2315 1511 2321 1517 .

431 1562 898 1629 Particularum
961 1570 1153 1627 unam
1216 1561 1397 1626 nobis
1462 1562 1529 1626 in
1591 1563 1958 1628 memoriam
2021 1562 2254 1644 redigit
2310 1561 2513 1628 schol:

261 1664 443 1731 Dion.
488 1663 770 1730 Gramm.
815 1662 1045 1730 967.-5
1092 1660 1232 1730 ἀπὸ
1280 1666 1398 1729 τοῦ
1444 1668 1512 1730 εἲ
1539 1657 1651 1730 ’ἷίν
1711 1661 1965 1750 ἐγένετο
2014 1661 2149 1732 ἐάν
2214 1664 2326 1730 καὶ
2373 1659 2501 1729 ἀπὸ

263 1767 585 1834 tovensi
634 1760 722 1833 ὅν
766 1762 1103 1854 ἔπήνιῦς
1146 1767 1386 1834 κυνέα
1433 1771 1642 1853 κυνῆ,
1690 1767 1918 1850 quibus
1941 1768 2187 1834 accedit
2209 1763 2503 1845 ἐπειδάν,

262 1889 463 1953 eaque
520 1871 755 1955 omnia·
797 1870 985 1952 alpha
1048 1871 1304 1952 longum
1347 1870 1588 1935 habent
1630 1872 1795 1937 sieut
1840 1864 1921 1936 ἅν
1977 1889 2224 1953 quoque
2268 1888 2345 1935 ex
2392 1867 2502 1935 ἐάν

263 1978 654 2039 οοιιιῑιειοιιιιιι
667 2024 682 2054 ,
772 1974 939 2054 quod
1002 1974 1211 2055 ipsum
1272 1992 1597 2054 nunquam
1661 1994 1775 2057 pro
1841 1978 1968 2039 un'a
2035 1973 2275 2056 syllaba
2341 1971 2503 2037 acci·-

262 2078 452 2159 pitur,
498 2096 556 2142 v.
601 2075 873 2141 Meinek.
920 2076 1000 2140 ad
1044 2076 1215 2142 Com.
1261 2077 1471 2158 Frgm.
1522 2078 1590 2143 T.
1635 2077 1726 2143 IV
1758 2077 1901 2143 613.
1987 2077 2335 2142 Homerum
2377 2092 2504 2141 uno

263 2172 342 2268 ἦν
384 2196 575 2245 usum
617 2197 759 2243 esse
800 2182 1060 2243 constat.
1111 2216 1181 2226 -—
1231 2179 1524 2245 Alterum
1570 2186 1674 2245 est
1714 2180 2107 2260 adverbium,
2160 2179 2328 2261 quod
2371 2178 2501 2244 He·
2545 2228 2555 2234 .

261 2282 563 2348 rodianus
606 2280 979 2363 homonymo
1016 2276 1164 2347 Ῥέα
1209 2283 1490 2363 subiicit3
1535 2301 1684 2348 nam
1728 2282 1883 2347 illud
1927 2298 2174 2364 quoque
2198 2282 2497 2364 ‚quando-

262 2402 393 2467 que
426 2384 924 2467 monosyllabum
969 2382 1069 2448 fit:
1117 2383 1235 2471 ῥέα
1281 2386 1403 2467 μὲν
1448 2384 1574 2474 γὰρ
1617 2381 1839 2471 βριάει
1865 2390 1980 2450 etc.
2013 2389 2261 2450 retento
2305 2382 2503 2467 epsilo

262 2493 520 2570 praeter
562 2488 887 2554 Aeolicum
931 2484 1037 2573 ῥά,
1064 2488 1254 2569 quod
1295 2490 1578 2556 nonnulli
1620 2483 1709 2578 ῥᾴ
1754 2488 2038 2553 scribunt
2059 2488 2139 2570 *).

432 2606 758 2672 Hactenus
825 2607 904 2672 de
949 2607 1144 2689 epsilo
1190 2607 1545 2674 thematico.
1678 2608 1979 2691 Sequitur
2044 2606 2501 2688 secundarium,

262 2710 440 2776 cuius
465 2729 585 2792 par
605 2709 1041 2776 inconstantia.
1132 2708 1433 2775 Ordinem
1467 2711 1956 2779 declinationum
1984 2710 2272 2793 sequenti
2300 2710 2510 2791 prima·

262 2817 411 2877 sunt
453 2813 707 2877 nomina
748 2813 1005 2894 propria
1046 2812 1112 2877 in
1153 2815 1281 2898 ῖὶξ,
1314 2812 1393 2898 a}
1443 2818 1518 2878 ut
1560 2816 1856 2894 Κισσέας
1903 2813 2014 2880 καὶ
2059 2811 2229 2879 κατὰ
2275 2810 2503 2879 συναί-

262 2941 443 3003 peon·
505 2919 761 3001 Κισσῆς
825 2915 1165 2981 Herodian.
1235 2917 1316 2981 ad
1380 2916 1476 2980 XI
1542 2917 1685 2982 223.
1819 2918 2134 2984 Homerus
2222 2913 2502 2980 celebrat

263 3021 497 3104 Ποδῆν
540 3014 685 3084 υἱὸν
723 3013 1098 3098 Ἠετίωνος,
1145 3025 1356 3084 cetera
1401 3018 1740 3100 duplicitur
1782 3019 2040 3105 effingit,
2074 3016 2317 3105 ’Ἑρμῆς
2362 3037 2501 3083 sae·

259 3124 421 3205 piUS,
490 3117 688 3185 semel
747 3115 985 3210 Ἑρμέᾳ
1049 3118 1419 3209 ἐξήγγειλεν
1485 3122 1558 3186 Il.
1624 3123 1684 3187 V
1738 3122 1863 3189 390
1937 3123 2102 3206 [cum
2166 3121 2375 3184 Bam.
2446 3131 2501 3182 et

266 3222 585 3288 Tkz‘ersck
653 3220 854 3287 Bekk.
934 3219 1245 3313 Ἑρμέῃ],
1334 3225 1502 3307 quod
1590 3244 1783 3307 quum
1870 3225 2270 3290 Herodianus
2360 3238 2499 3287 cum

260 3312 572 3411 bisyllabo
616 3323 873 3403 Αἰνέας
917 3333 1247 3409 componat
1289 3328 1449 3393 XIII
1494 3327 1649 3408 541,
1719 3328 2003 3409 sequitur
2045 3344 2159 3409 pro
2224 3323 2500 3406 spondeo

401 3482 461 3549 ³¹¹⁹)
524 3483 604 3554 (ff.
637 3483 777 3534 Diss.
831 3481 987 3544 VJII
1012 3498 1124 3552 qap.
1174 3484 1304 3535 VII.
1382 3484 1465 3535 De
1517 3481 1694 3533 ‘iisdem
1745 3482 1823 3533 his
1861 3480 2140 3549 ‚particulis
2188 3479 2354 3535 nescio
2405 3494 2505 3546 quo

262 3586 439 3622 errore
470 3570 531 3620 in
564 3567 926 3622 alienissimum
959 3569 1119 3620 locwm
1154 3569 1349 3621 devenit
1366 3568 1507 3621 ‚haec
1540 3567 1838 3635 disputatio:
1892 3569 2006 3633 „Ad
2041 3573 2217 3635 partes
2254 3567 2504 3617 orationis

262 3656 663 3710 indeclinabiles
700 3659 744 3709 si
781 3656 964 3708 oculos
995 3656 1329 3719 reflectimus,
1364 3658 1588 3722 primum
1624 3657 1681 3705 in
1716 3649 2060 3720 conpectum'
2071 3655 2217 3706 venit
2241 3653 2500 3719 particula

263 3742 633 3800 conditionalis
671 3736 787 3804 ἐάν,
826 3755 960 3808 quae
977 3742 1254 3808 dupliciter
1287 3741 1638 3792 contrahitur:
1676 3729 1748 3791 ἄν
1765 3746 1819 3791 et
1835 3733 1919 3803 ἥν.
1974 3739 2055 3791 De
2073 3739 2157 3791 his
2173 3738 2504 3806 grammatici

267 3830 401 3881 nihil
436 3829 661 3895 amplius
699 3829 984 3880 admonent
1016 3828 1118 3880 nisi
1138 3826 1279 3892 quod
1300 3825 1493 3880 Suidas
1528 3826 1704 3890 tradit,
1740 3826 2103 3908 Thucydidem
2137 3831 2258 3891 post
2278 3817 2308 3890 ἦ
2325 3827 2502 3891 potius

265 3909 393 3967 ἐάν
384 3930 596 3981 ponere
631 3930 788 3980 quam
821 3930 908 3980 ην,
956 3930 1060 3980 quo
1099 3913 1215 3964 solo
1251 3914 1413 3964 utitur
1447 3901 1731 3976 Homerus,
1766 3928 1817 3966 v.
1854 3912 2009 3963 Klotz
2045 3912 2116 3963 ad
2147 3914 2345 3968 Devar
2381 3910 2504 3966 451.

264 3992 503 4052 Alterdm
534 4005 618 4053 est
653 4000 959 4052 adverbium
982 3998 1260 4072 psa—(50⁴2,
1296 4000 1346 4049 si
1381 4000 1652 4065 sequimur
1687 3999 1999 4063 scripturam
2016 3998 2295 4063 Apollonio
2322 3996 2503 4061 displi-

266 4088 421 4140 citam
458 4088 596 4141 Λᾶν.
631 4080 752 4139 566.
787 4081 858 4137 26
912 4081 1142 4153 ἀφορμὴ
1193 4085 1290 4137 τοῦ
1327 4083 1456 4152 δίχα
1505 4086 1601 4139 τοῦ
1655 4105 1674 4136 ι
1726 4079 2046 4160 γράφεσθαι
2084 4081 2301 4151 ἐγένετο
2338 4076 2371 4145 ἡ
2408 4080 2506 4132 τοῦ

269 4172 365 4243 ῥέα
402 4168 713 4243 συναλοιφὴ
746 4172 841 4227 τοῦ
879 4189 905 4225 ε
939 4174 1032 4224 καὶ
1070 4191 1104 4223 α
1142 4172 1217 4229 εἲς
1233 4166 1455 4237 μακρὸν
1491 4190 1527 4222 α
1564 4172 1976 4242 συνῃρημένων.
2044 4168 2150 4222 Alii
2181 4164 2505 4234 probabilius

269 4259 472 4328 fingunt
503 4266 820 4327 prototypon
857 4256 990 4329 ραΐς,
1027 4258 1166 4311 unde
1202 4254 1384 4330 ῥαῖζω,
1422 4252 1689 4328 ρηΐδιονἏ

371 4343 440 4385 ιο
449 4344 516 4385 be
525 4345 611 4393 οι.
636 4344 699 4383 Pa
700 4344 807 4389 thoi,
834 4344 886 4382 11.
2120 4319 2161 4385 6
