<?xml version="1.0" encoding="UTF-8"?>
<!DOCTYPE html PUBLIC "-//W3C//DTD XHTML 1.0 Transitional//EN"
    "http://www.w3.org/TR/xhtml1/DTD/xhtml1-transitional.dtd">
<html xmlns="http://www.w3.org/1999/xhtml" xml:lang="en" lang="en">
 <head>
  <title>
</title>
<meta http-equiv="Content-Type" content="text/html;charset=utf-8" />
  <meta name='ocr-system' content='tesseract 3.04.00' />
  <meta name='ocr-capabilities' content='ocr_page ocr_carea ocr_par ocr_line ocrx_word'/>
</head>
<body>
  <div class='ocr_page' id='page_1' title='image "./pathologiaegrae02lobegoog_0113.png"; bbox 0 0 2946 4928; ppageno 0'>
   <div class='ocr_carea' id='block_1_1' title="bbox 460 286 2522 410">
    <p class='ocr_par' dir='ltr' id='par_1_1' title="bbox 460 286 2522 410">
     <span class='ocr_line' id='line_1_1' title="bbox 460 286 2522 410; baseline 0.001 -22"><span class='ocrx_word' id='word_1_1' title='bbox 460 289 575 389; x_wconf 71' lang='lat' dir='ltr'><strong>br:</strong></span> <span class='ocrx_word' id='word_1_2' title='bbox 602 321 1107 404; x_wconf 75' lang='lat' dir='ltr'><strong>stAEREsl,</strong></span> <span class='ocrx_word' id='word_1_3' title='bbox 1151 321 1553 389; x_wconf 75' lang='lat' dir='ltr'>DIAERESI</span> <span class='ocrx_word' id='word_1_4' title='bbox 1597 329 1715 390; x_wconf 75' lang='lat' dir='ltr'><strong>etc.</strong></span> <span class='ocrx_word' id='word_1_5' title='bbox 1782 311 1957 390; x_wconf 82' lang='lat' dir='ltr'>P.&#39;11.</span> <span class='ocrx_word' id='word_1_6' title='bbox 2005 286 2179 391; x_wconf 50' lang='lat'><strong>0211,</strong></span> <span class='ocrx_word' id='word_1_7' title='bbox 2225 326 2396 410; x_wconf 64' lang='lat' dir='ltr'><strong>§.a</strong></span> <span class='ocrx_word' id='word_1_8' title='bbox 2440 325 2522 391; x_wconf 75' lang='lat'><strong>97</strong></span> 
     </span>
    </p>
   </div>
   <div class='ocr_carea' id='block_1_2' title="bbox 284 484 2609 1389">
    <p class='ocr_par' dir='ltr' id='par_1_2' title="bbox 284 484 2609 1389">
     <span class='ocr_line' id='line_1_2' title="bbox 287 484 2526 577; baseline 0.001 -25"><span class='ocrx_word' id='word_1_9' title='bbox 287 487 674 552; x_wconf 90' lang='lat' dir='ltr'><strong>nominativo</strong></span> <span class='ocrx_word' id='word_1_10' title='bbox 717 486 952 553; x_wconf 89' lang='lat' dir='ltr'><strong>indicto</strong></span> <span class='ocrx_word' id='word_1_11' title='bbox 995 488 1158 569; x_wconf 82' lang='grc' dir='ltr'><em>τέος,</em></span> <span class='ocrx_word' id='word_1_12' title='bbox 1205 487 1372 552; x_wconf 90' lang='lat' dir='ltr'><strong>unde</strong></span> <span class='ocrx_word' id='word_1_13' title='bbox 1420 487 1670 553; x_wconf 78' lang='lat' dir='ltr'><strong>dativus</strong></span> <span class='ocrx_word' id='word_1_14' title='bbox 1717 484 1885 577; x_wconf 75' lang='grc' dir='ltr'><em>ὅτεῳ</em></span> <span class='ocrx_word' id='word_1_15' title='bbox 1937 487 2009 553; x_wconf 90' lang='lat' dir='ltr'><strong>Il.</strong></span> <span class='ocrx_word' id='word_1_16' title='bbox 2055 487 2183 554; x_wconf 89' lang='lat' dir='ltr'><strong>XII</strong></span> <span class='ocrx_word' id='word_1_17' title='bbox 2227 486 2371 569; x_wconf 75' lang='lat'><strong>428,</strong></span> <span class='ocrx_word' id='word_1_18' title='bbox 2417 488 2526 570; x_wconf 83' lang='lat' dir='ltr'><strong>qui</strong></span> 
     </span>
     <span class='ocr_line' id='line_1_3' title="bbox 287 586 2208 677; baseline 0.001 -21"><span class='ocrx_word' id='word_1_19' title='bbox 287 608 455 656; x_wconf 90' lang='lat' dir='ltr'><strong>nunc</strong></span> <span class='ocrx_word' id='word_1_20' title='bbox 502 608 578 655; x_wconf 89' lang='lat' dir='ltr'><strong>ex</strong></span> <span class='ocrx_word' id='word_1_21' title='bbox 623 589 927 655; x_wconf 79' lang='lat' dir='ltr'>Zenodoti</span> <span class='ocrx_word' id='word_1_22' title='bbox 971 591 1287 656; x_wconf 89' lang='lat' dir='ltr'><strong>sententia</strong></span> <span class='ocrx_word' id='word_1_23' title='bbox 1327 595 1621 673; x_wconf 89' lang='lat' dir='ltr'><strong>receptus</strong></span> <span class='ocrx_word' id='word_1_24' title='bbox 1665 596 1766 656; x_wconf 91' lang='lat' dir='ltr'><strong>est</strong></span> <span class='ocrx_word' id='word_1_25' title='bbox 1805 610 1921 673; x_wconf 89' lang='lat' dir='ltr'><strong>pro</strong></span> <span class='ocrx_word' id='word_1_26' title='bbox 1967 586 2100 677; x_wconf 82' lang='grc' dir='ltr'><em>ὅτῳ</em></span> <span class='ocrx_word' id='word_1_27' title='bbox 2129 590 2208 675; x_wconf 89' lang='grc'><strong>*).</strong></span> 
     </span>
     <span class='ocr_line' id='line_1_4' title="bbox 460 693 2525 776; baseline 0.001 -18"><span class='ocrx_word' id='word_1_28' title='bbox 460 693 923 775; x_wconf 87' lang='lat' dir='ltr'><strong>Barytonorum</strong></span> <span class='ocrx_word' id='word_1_29' title='bbox 967 710 1163 758; x_wconf 90' lang='lat' dir='ltr'><strong>unum</strong></span> <span class='ocrx_word' id='word_1_30' title='bbox 1208 693 1342 758; x_wconf 92' lang='lat' dir='ltr'><strong>sine</strong></span> <span class='ocrx_word' id='word_1_31' title='bbox 1387 694 1757 776; x_wconf 86' lang='lat' dir='ltr'><strong>cuiusquam</strong></span> <span class='ocrx_word' id='word_1_32' title='bbox 1801 695 2191 760; x_wconf 81' lang='lat' dir='ltr'><strong>dissensione</strong></span> <span class='ocrx_word' id='word_1_33' title='bbox 2238 696 2328 761; x_wconf 92' lang='lat' dir='ltr'><strong>sic</strong></span> <span class='ocrx_word' id='word_1_34' title='bbox 2372 695 2525 761; x_wconf 85' lang='lat' dir='ltr'><strong>scri-</strong></span> 
     </span>
     <span class='ocr_line' id='line_1_5' title="bbox 284 782 2529 884; baseline 0.001 -24"><span class='ocrx_word' id='word_1_35' title='bbox 284 798 469 878; x_wconf 77' lang='lat' dir='ltr'><strong>ptlim</strong></span> <span class='ocrx_word' id='word_1_36' title='bbox 513 800 615 860; x_wconf 81' lang='lat' dir='ltr'><strong>est</strong></span> <span class='ocrx_word' id='word_1_37' title='bbox 655 794 728 859; x_wconf 88' lang='lat' dir='ltr'><strong>Il.</strong></span> <span class='ocrx_word' id='word_1_38' title='bbox 773 794 892 859; x_wconf 91' lang='lat' dir='ltr'><strong>XV</strong></span> <span class='ocrx_word' id='word_1_39' title='bbox 937 782 1076 859; x_wconf 71' lang='lat'>656⁸</span> <span class='ocrx_word' id='word_1_40' title='bbox 1130 799 1291 862; x_wconf 81' lang='grc' dir='ltr'><em>νεῶν</em></span> <span class='ocrx_word' id='word_1_41' title='bbox 1344 798 1471 861; x_wconf 78' lang='grc' dir='ltr'><strong>τῶν</strong></span> <span class='ocrx_word' id='word_1_42' title='bbox 1519 798 1859 884; x_wconf 76' lang='grc' dir='ltr'><em>πρωτέων,</em></span> <span class='ocrx_word' id='word_1_43' title='bbox 1930 802 1997 862; x_wconf 84' lang='lat' dir='ltr'><strong>at</strong></span> <span class='ocrx_word' id='word_1_44' title='bbox 2039 815 2188 863; x_wconf 83' lang='lat' dir='ltr'><strong>vero</strong></span> <span class='ocrx_word' id='word_1_45' title='bbox 2235 799 2424 864; x_wconf 83' lang='lat' dir='ltr'><strong>schol.</strong></span> <span class='ocrx_word' id='word_1_46' title='bbox 2470 799 2529 863; x_wconf 90' lang='lat' dir='ltr'>A</span> 
     </span>
     <span class='ocr_line' id='line_1_6' title="bbox 287 894 2609 989; baseline 0.001 -25"><span class='ocrx_word' id='word_1_47' title='bbox 287 894 623 986; x_wconf 80' lang='grc' dir='ltr'><em>γράφεται</em></span> <span class='ocrx_word' id='word_1_48' title='bbox 688 894 1022 985; x_wconf 84' lang='grc' dir='ltr'><em>πρώτων</em></span> <span class='ocrx_word' id='word_1_49' title='bbox 1087 896 1198 963; x_wconf 83' lang='grc' dir='ltr'><strong>καὶ</strong></span> <span class='ocrx_word' id='word_1_50' title='bbox 1246 898 1670 986; x_wconf 76' lang='grc' dir='ltr'><strong><em>προτέρων</em></strong></span> <span class='ocrx_word' id='word_1_51' title='bbox 1715 900 1826 967; x_wconf 84' lang='grc' dir='ltr'><strong>καὶ</strong></span> <span class='ocrx_word' id='word_1_52' title='bbox 1874 900 2296 989; x_wconf 75' lang='grc' dir='ltr'><em>πρωτέων,</em></span> <span class='ocrx_word' id='word_1_53' title='bbox 2366 903 2530 980; x_wconf 81' lang='lat' dir='ltr'><strong>alter</strong></span> <span class='ocrx_word' id='word_1_54' title='bbox 2597 903 2609 911; x_wconf 78' lang='lat'><em>&#39;</em></span> 
     </span>
     <span class='ocr_line' id='line_1_7' title="bbox 289 997 2531 1090; baseline 0.001 -23"><span class='ocrx_word' id='word_1_55' title='bbox 289 999 685 1088; x_wconf 79' lang='grc' dir='ltr'><em>πρωτέων</em></span> <span class='ocrx_word' id='word_1_56' title='bbox 728 999 896 1067; x_wconf 79' lang='grc' dir='ltr'><em>κατὰ</em></span> <span class='ocrx_word' id='word_1_57' title='bbox 941 997 1295 1088; x_wconf 77' lang='grc' dir='ltr'><em>συνίζησεν·</em></span> <span class='ocrx_word' id='word_1_58' title='bbox 1353 1001 1689 1088; x_wconf 81' lang='grc' dir='ltr'><em>μέμφεται</em></span> <span class='ocrx_word' id='word_1_59' title='bbox 1736 1002 1810 1070; x_wconf 80' lang='grc' dir='ltr'><strong>δὲ</strong></span> <span class='ocrx_word' id='word_1_60' title='bbox 1852 998 2233 1081; x_wconf 84' lang='grc' dir='ltr'><em>Διονύσιος·</em></span> <span class='ocrx_word' id='word_1_61' title='bbox 2282 999 2360 1070; x_wconf 77' lang='grc' dir='ltr'><strong>οὗ</strong></span> <span class='ocrx_word' id='word_1_62' title='bbox 2405 1003 2531 1090; x_wconf 79' lang='grc' dir='ltr'><strong>γὰρ</strong></span> 
     </span>
     <span class='ocr_line' id='line_1_8' title="bbox 288 1098 2528 1193; baseline 0 -23"><span class='ocrx_word' id='word_1_63' title='bbox 288 1103 366 1170; x_wconf 86' lang='grc' dir='ltr'><em>τὸ</em></span> <span class='ocrx_word' id='word_1_64' title='bbox 414 1098 752 1190; x_wconf 84' lang='grc' dir='ltr'><em>πρώτων</em></span> <span class='ocrx_word' id='word_1_65' title='bbox 820 1106 1251 1191; x_wconf 80' lang='grc' dir='ltr'><em>περισπᾶται.</em></span> <span class='ocrx_word' id='word_1_66' title='bbox 1338 1104 1510 1186; x_wconf 83' lang='lat' dir='ltr'><strong>Ergo</strong></span> <span class='ocrx_word' id='word_1_67' title='bbox 1577 1106 1631 1170; x_wconf 86' lang='lat' dir='ltr'><strong>Si</strong></span> <span class='ocrx_word' id='word_1_68' title='bbox 1684 1110 1966 1193; x_wconf 82' lang='grc' dir='ltr'><em>πρωτιῦν</em></span> <span class='ocrx_word' id='word_1_69' title='bbox 2012 1107 2353 1186; x_wconf 81' lang='lat' dir='ltr'>diceretur,</span> <span class='ocrx_word' id='word_1_70' title='bbox 2420 1107 2528 1172; x_wconf 88' lang='lat' dir='ltr'><strong>ille</strong></span> 
     </span>
     <span class='ocr_line' id='line_1_9' title="bbox 286 1203 2528 1295; baseline 0 -23"><span class='ocrx_word' id='word_1_71' title='bbox 286 1225 414 1272; x_wconf 88' lang='lat' dir='ltr'><strong>non</strong></span> <span class='ocrx_word' id='word_1_72' title='bbox 456 1205 879 1288; x_wconf 81' lang='lat' dir='ltr'><strong>improbasset</strong></span> <span class='ocrx_word' id='word_1_73' title='bbox 921 1203 1251 1290; x_wconf 83' lang='grc' dir='ltr'><em>πρωτέων.</em></span> <span class='ocrx_word' id='word_1_74' title='bbox 1336 1206 1502 1273; x_wconf 92' lang='lat' dir='ltr'><strong>Hinc</strong></span> <span class='ocrx_word' id='word_1_75' title='bbox 1525 1212 1738 1273; x_wconf 89' lang='lat' dir='ltr'><strong>autem</strong></span> <span class='ocrx_word' id='word_1_76' title='bbox 1763 1210 2064 1295; x_wconf 86' lang='lat' dir='ltr'><strong>sequitur,</strong></span> <span class='ocrx_word' id='word_1_77' title='bbox 2113 1228 2258 1275; x_wconf 91' lang='lat' dir='ltr'><strong>eum</strong></span> <span class='ocrx_word' id='word_1_78' title='bbox 2288 1210 2528 1291; x_wconf 89' lang='lat' dir='ltr'><strong>epsilon</strong></span> 
     </span>
     <span class='ocr_line' id='line_1_10' title="bbox 289 1305 2526 1389; baseline 0.001 -15"><span class='ocrx_word' id='word_1_79' title='bbox 289 1329 369 1375; x_wconf 84' lang='lat' dir='ltr'><strong>ex</strong></span> <span class='ocrx_word' id='word_1_80' title='bbox 411 1313 463 1374; x_wconf 61' lang='grc' dir='ltr'>ὃ</span> <span class='ocrx_word' id='word_1_81' title='bbox 512 1305 907 1374; x_wconf 88' lang='lat' dir='ltr'><strong>circumflexo</strong></span> <span class='ocrx_word' id='word_1_82' title='bbox 951 1310 1172 1371; x_wconf 89' lang='lat' dir='ltr'><strong>natum</strong></span> <span class='ocrx_word' id='word_1_83' title='bbox 1214 1313 1492 1389; x_wconf 84' lang='lat' dir='ltr'><strong>putasse.</strong></span> <span class='ocrx_word' id='word_1_84' title='bbox 1595 1310 1759 1375; x_wconf 90' lang='lat' dir='ltr'><strong>Nam</strong></span> <span class='ocrx_word' id='word_1_85' title='bbox 1801 1316 1874 1376; x_wconf 91' lang='lat' dir='ltr'><strong>ut</strong></span> <span class='ocrx_word' id='word_1_86' title='bbox 1918 1315 1990 1383; x_wconf 69' lang='grc' dir='ltr'><strong>ῖω</strong></span> <span class='ocrx_word' id='word_1_87' title='bbox 2034 1313 2100 1377; x_wconf 92' lang='lat' dir='ltr'><strong>in</strong></span> <span class='ocrx_word' id='word_1_88' title='bbox 2146 1316 2216 1382; x_wconf 60' lang='grc' dir='ltr'><em>ἴτ’·</em></span> <span class='ocrx_word' id='word_1_89' title='bbox 2243 1312 2526 1378; x_wconf 83' lang='lat' dir='ltr'><strong>contrahi</strong></span> 
     </span>
    </p>
   </div>
   <div class='ocr_carea' id='block_1_3' title="bbox 256 1405 2528 1494">
    <p class='ocr_par' dir='ltr' id='par_1_3' title="bbox 256 1405 2528 1494">
     <span class='ocr_line' id='line_1_11' title="bbox 256 1405 2528 1494; baseline -0 -16"><span class='ocrx_word' id='word_1_90' title='bbox 256 1405 471 1492; x_wconf 62' lang='lat' dir='ltr'><strong>solet,</strong></span> <span class='ocrx_word' id='word_1_91' title='bbox 518 1410 633 1478; x_wconf 77' lang='grc' dir='ltr'><strong>ἐὰν</strong></span> <span class='ocrx_word' id='word_1_92' title='bbox 673 1408 834 1494; x_wconf 84' lang='grc' dir='ltr'><em>βέω,</em></span> <span class='ocrx_word' id='word_1_93' title='bbox 879 1412 1002 1493; x_wconf 81' lang='grc' dir='ltr'><strong>βῶ,</strong></span> <span class='ocrx_word' id='word_1_94' title='bbox 1048 1409 1141 1473; x_wconf 92' lang='lat' dir='ltr'><strong>ita</strong></span> <span class='ocrx_word' id='word_1_95' title='bbox 1181 1414 1499 1490; x_wconf 90' lang='lat' dir='ltr'><strong>promtum</strong></span> <span class='ocrx_word' id='word_1_96' title='bbox 1543 1409 1664 1477; x_wconf 87' lang='lat' dir='ltr'><strong>fuit</strong></span> <span class='ocrx_word' id='word_1_97' title='bbox 1708 1416 1762 1482; x_wconf 63' lang='grc' dir='ltr'><strong>αἶ</strong></span> <span class='ocrx_word' id='word_1_98' title='bbox 1805 1414 1869 1478; x_wconf 93' lang='lat' dir='ltr'><strong>in</strong></span> <span class='ocrx_word' id='word_1_99' title='bbox 1904 1417 1992 1484; x_wconf 59' lang='lat' dir='ltr'><strong>HI</strong></span> <span class='ocrx_word' id='word_1_100' title='bbox 2019 1414 2285 1480; x_wconf 86' lang='lat' dir='ltr'><strong>distrahi</strong></span> <span class='ocrx_word' id='word_1_101' title='bbox 2328 1414 2528 1480; x_wconf 88' lang='lat' dir='ltr'><strong>vocali</strong></span> 
     </span>
    </p>
   </div>
   <div class='ocr_carea' id='block_1_4' title="bbox 284 1511 2527 1598">
    <p class='ocr_par' dir='ltr' id='par_1_4' title="bbox 284 1511 2527 1598">
     <span class='ocr_line' id='line_1_12' title="bbox 284 1511 2527 1598; baseline 0 -17"><span class='ocrx_word' id='word_1_102' title='bbox 284 1515 484 1594; x_wconf 90' lang='lat' dir='ltr'><strong>brevi,</strong></span> <span class='ocrx_word' id='word_1_103' title='bbox 532 1531 694 1595; x_wconf 90' lang='lat' dir='ltr'><strong>quae</strong></span> <span class='ocrx_word' id='word_1_104' title='bbox 739 1511 1245 1593; x_wconf 86' lang='lat' dir='ltr'><strong>monophthongo</strong></span> <span class='ocrx_word' id='word_1_105' title='bbox 1289 1512 1571 1579; x_wconf 91' lang='lat' dir='ltr'><strong>involuta</strong></span> <span class='ocrx_word' id='word_1_106' title='bbox 1615 1518 1731 1594; x_wconf 91' lang='lat' dir='ltr'><strong>est,</strong></span> <span class='ocrx_word' id='word_1_107' title='bbox 1777 1515 1842 1579; x_wconf 92' lang='lat' dir='ltr'><strong>in</strong></span> <span class='ocrx_word' id='word_1_108' title='bbox 1876 1516 2192 1598; x_wconf 84' lang='lat' dir='ltr'><strong>integrum</strong></span> <span class='ocrx_word' id='word_1_109' title='bbox 2212 1519 2527 1583; x_wconf 85' lang='lat' dir='ltr'><strong>restituta.</strong></span> 
     </span>
    </p>
   </div>
   <div class='ocr_carea' id='block_1_5' title="bbox 272 1615 2525 1708">
    <p class='ocr_par' dir='ltr' id='par_1_5' title="bbox 272 1615 2525 1708">
     <span class='ocr_line' id='line_1_13' title="bbox 272 1615 2525 1708; baseline 0 -24"><span class='ocrx_word' id='word_1_110' title='bbox 272 1618 500 1700; x_wconf 57' lang='lat' dir='ltr'><strong>‘Atque</strong></span> <span class='ocrx_word' id='word_1_111' title='bbox 543 1616 675 1681; x_wconf 79' lang='lat' dir='ltr'><strong>hac‘</strong></span> <span class='ocrx_word' id='word_1_112' title='bbox 706 1615 952 1680; x_wconf 88' lang='lat' dir='ltr'><strong>ratione</strong></span> <span class='ocrx_word' id='word_1_113' title='bbox 997 1618 1244 1679; x_wconf 90' lang='lat' dir='ltr'><strong>veteres</strong></span> <span class='ocrx_word' id='word_1_114' title='bbox 1288 1615 1475 1696; x_wconf 88' lang='lat' dir='ltr'><strong>vulgo</strong></span> <span class='ocrx_word' id='word_1_115' title='bbox 1534 1616 1849 1698; x_wconf 88' lang='lat' dir='ltr'><strong>explicant</strong></span> <span class='ocrx_word' id='word_1_116' title='bbox 1887 1645 2013 1702; x_wconf 60' lang='grc' dir='ltr'><em>«νυμ</em></span> <span class='ocrx_word' id='word_1_117' title='bbox 2021 1619 2202 1708; x_wconf 76' lang='grc' dir='ltr'><em>φέων</em></span> <span class='ocrx_word' id='word_1_118' title='bbox 2245 1624 2312 1685; x_wconf 91' lang='lat' dir='ltr'><strong>et</strong></span> <span class='ocrx_word' id='word_1_119' title='bbox 2355 1620 2525 1685; x_wconf 89' lang='lat' dir='ltr'><strong>simi-</strong></span> 
     </span>
    </p>
   </div>
   <div class='ocr_carea' id='block_1_6' title="bbox 287 1717 2532 1908">
    <p class='ocr_par' dir='ltr' id='par_1_6' title="bbox 287 1717 2532 1908">
     <span class='ocr_line' id='line_1_14' title="bbox 287 1717 2528 1803; baseline 0.001 -19"><span class='ocrx_word' id='word_1_120' title='bbox 287 1720 379 1785; x_wconf 87' lang='lat' dir='ltr'><strong>lia</strong></span> <span class='ocrx_word' id='word_1_121' title='bbox 409 1720 456 1803; x_wconf 83' lang='lat' dir='ltr'><strong>l)</strong></span> <span class='ocrx_word' id='word_1_122' title='bbox 521 1738 667 1792; x_wconf 85' lang='lat' dir='ltr'><strong>mox</strong></span> <span class='ocrx_word' id='word_1_123' title='bbox 732 1718 1013 1783; x_wconf 87' lang='lat' dir='ltr'><strong>dicenda.</strong></span> <span class='ocrx_word' id='word_1_124' title='bbox 1145 1717 1322 1782; x_wconf 90' lang='lat' dir='ltr'><strong>Haec</strong></span> <span class='ocrx_word' id='word_1_125' title='bbox 1387 1736 1537 1783; x_wconf 92' lang='lat' dir='ltr'><strong>vero</strong></span> <span class='ocrx_word' id='word_1_126' title='bbox 1602 1738 1728 1785; x_wconf 92' lang='lat' dir='ltr'><strong>non</strong></span> <span class='ocrx_word' id='word_1_127' title='bbox 1793 1722 2084 1786; x_wconf 89' lang='lat' dir='ltr'><strong>convenit</strong></span> <span class='ocrx_word' id='word_1_128' title='bbox 2127 1726 2430 1803; x_wconf 87' lang='lat' dir='ltr'><strong>sequente</strong></span> <span class='ocrx_word' id='word_1_129' title='bbox 2483 1727 2528 1794; x_wconf 63' lang='grc' dir='ltr'><em>ὦ</em></span> 
     </span>
     <span class='ocr_line' id='line_1_15' title="bbox 288 1816 2532 1908; baseline 0.001 -19"><span class='ocrx_word' id='word_1_130' title='bbox 288 1828 498 1903; x_wconf 88' lang='lat' dir='ltr'><strong>atono,</strong></span> <span class='ocrx_word' id='word_1_131' title='bbox 543 1839 739 1904; x_wconf 90' lang='lat' dir='ltr'><strong>quare</strong></span> <span class='ocrx_word' id='word_1_132' title='bbox 783 1820 889 1884; x_wconf 90' lang='lat' dir='ltr'><strong>ille</strong></span> <span class='ocrx_word' id='word_1_133' title='bbox 922 1837 1137 1903; x_wconf 68' lang='lat' dir='ltr'><strong>neque</strong></span> <span class='ocrx_word' id='word_1_134' title='bbox 1186 1822 1505 1908; x_wconf 78' lang='grc' dir='ltr'><em>πρωτέων</em></span> <span class='ocrx_word' id='word_1_135' title='bbox 1550 1823 1884 1888; x_wconf 87' lang='lat' dir='ltr'><strong>admittere</strong></span> <span class='ocrx_word' id='word_1_136' title='bbox 1927 1824 2135 1905; x_wconf 91' lang='lat' dir='ltr'><strong>potuit</strong></span> <span class='ocrx_word' id='word_1_137' title='bbox 2175 1816 2380 1907; x_wconf 65' lang='lat' dir='ltr'><strong>ne&#39;que</strong></span> <span class='ocrx_word' id='word_1_138' title='bbox 2405 1827 2532 1891; x_wconf 90' lang='lat' dir='ltr'><strong>alia</strong></span> 
     </span>
    </p>
   </div>
   <div class='ocr_carea' id='block_1_7' title="bbox 188 1925 2527 2008">
    <p class='ocr_par' dir='ltr' id='par_1_7' title="bbox 188 1925 2527 2008">
     <span class='ocr_line' id='line_1_16' title="bbox 188 1925 2527 2008; baseline 0.004 -24"><span class='ocrx_word' id='word_1_139' title='bbox 188 1979 196 1984; x_wconf 84' lang='grc'><strong>.</strong></span> <span class='ocrx_word' id='word_1_140' title='bbox 287 1925 592 1991; x_wconf 89' lang='lat' dir='ltr'><strong>feminina</strong></span> <span class='ocrx_word' id='word_1_141' title='bbox 657 1925 1108 1990; x_wconf 85' lang='lat' dir='ltr'><strong>adiectivorum</strong></span> <span class='ocrx_word' id='word_1_142' title='bbox 1161 1925 1803 2008; x_wconf 54' lang='lat' dir='ltr'><strong>trigenerum,1quae</strong></span> <span class='ocrx_word' id='word_1_143' title='bbox 1869 1926 2014 1991; x_wconf 89' lang='lat' dir='ltr'><strong>libri</strong></span> <span class='ocrx_word' id='word_1_144' title='bbox 2051 1926 2372 2007; x_wconf 33' lang='lat' dir='ltr'><strong>,Herodoti</strong></span> <span class='ocrx_word' id='word_1_145' title='bbox 2437 1929 2527 1993; x_wconf 92' lang='lat' dir='ltr'><strong>le-</strong></span> 
     </span>
    </p>
   </div>
   <div class='ocr_carea' id='block_1_8' title="bbox 288 2025 2536 2733">
    <p class='ocr_par' dir='ltr' id='par_1_8' title="bbox 288 2025 2536 2733">
     <span class='ocr_line' id='line_1_17' title="bbox 289 2025 2531 2115; baseline 0.001 -22"><span class='ocrx_word' id='word_1_146' title='bbox 289 2026 585 2111; x_wconf 83' lang='lat' dir='ltr'><strong>gentibus</strong></span> <span class='ocrx_word' id='word_1_147' title='bbox 628 2028 868 2109; x_wconf 82' lang='lat' dir='ltr'><strong>paSSim</strong></span> <span class='ocrx_word' id='word_1_148' title='bbox 913 2026 1241 2092; x_wconf 81' lang='lat' dir='ltr'><strong>obiiciunt:</strong></span> <span class='ocrx_word' id='word_1_149' title='bbox 1289 2025 1545 2095; x_wconf 76' lang='grc' dir='ltr'><em>ἆλλὲων</em></span> <span class='ocrx_word' id='word_1_150' title='bbox 1592 2030 1943 2115; x_wconf 74' lang='grc' dir='ltr'><em>παιγνιέων</em></span> <span class='ocrx_word' id='word_1_151' title='bbox 1987 2028 2020 2093; x_wconf 92' lang='grc' dir='ltr'>Ι</span> <span class='ocrx_word' id='word_1_152' title='bbox 2063 2028 2164 2109; x_wconf 82' lang='grc'><strong>94,</strong></span> <span class='ocrx_word' id='word_1_153' title='bbox 2232 2027 2531 2098; x_wconf 78' lang='grc' dir='ltr'><em>ἐκεινέων</em></span> 
     </span>
     <span class='ocr_line' id='line_1_18' title="bbox 290 2116 2529 2214; baseline 0.001 -18"><span class='ocrx_word' id='word_1_154' title='bbox 290 2136 363 2196; x_wconf 88' lang='lat' dir='ltr'><strong>et</strong></span> <span class='ocrx_word' id='word_1_155' title='bbox 425 2130 653 2195; x_wconf 87' lang='lat' dir='ltr'><strong>similia</strong></span> <span class='ocrx_word' id='word_1_156' title='bbox 718 2149 756 2195; x_wconf 88' lang='lat' dir='ltr'><strong>a</strong></span> <span class='ocrx_word' id='word_1_157' title='bbox 799 2116 1110 2196; x_wconf 86' lang='lat' dir='ltr'><strong>Bredovio</strong></span> <span class='ocrx_word' id='word_1_158' title='bbox 1155 2131 1441 2211; x_wconf 89' lang='lat' dir='ltr'><strong>collecta,</strong></span> <span class='ocrx_word' id='word_1_159' title='bbox 1509 2131 1766 2214; x_wconf 82' lang='grc' dir='ltr'><em>μεσέων</em></span> <span class='ocrx_word' id='word_1_160' title='bbox 1821 2134 2064 2196; x_wconf 80' lang='grc' dir='ltr'><em>νυκτῶν</em></span> <span class='ocrx_word' id='word_1_161' title='bbox 2106 2131 2306 2196; x_wconf 92' lang='lat' dir='ltr'><strong>Anon.</strong></span> <span class='ocrx_word' id='word_1_162' title='bbox 2355 2131 2529 2198; x_wconf 84' lang='lat' dir='ltr'><strong>Scaz.</strong></span> 
     </span>
     <span class='ocr_line' id='line_1_19' title="bbox 288 2230 2531 2301; baseline 0 -2"><span class='ocrx_word' id='word_1_163' title='bbox 288 2235 365 2299; x_wconf 91' lang='lat' dir='ltr'><strong>F.</strong></span> <span class='ocrx_word' id='word_1_164' title='bbox 401 2233 500 2298; x_wconf 91' lang='lat' dir='ltr'><strong>III</strong></span> <span class='ocrx_word' id='word_1_165' title='bbox 534 2230 655 2299; x_wconf 78' lang='lat'><strong>134</strong></span> <span class='ocrx_word' id='word_1_166' title='bbox 698 2233 887 2299; x_wconf 87' lang='lat' dir='ltr'><strong>Mein.</strong></span> <span class='ocrx_word' id='word_1_167' title='bbox 976 2231 1240 2298; x_wconf 89' lang='lat' dir='ltr'><strong>Vossius</strong></span> <span class='ocrx_word' id='word_1_168' title='bbox 1284 2252 1432 2298; x_wconf 88' lang='lat' dir='ltr'><strong>vero</strong></span> <span class='ocrx_word' id='word_1_169' title='bbox 1477 2253 1602 2298; x_wconf 91' lang='lat' dir='ltr'><strong>non</strong></span> <span class='ocrx_word' id='word_1_170' title='bbox 1646 2234 1885 2299; x_wconf 85' lang='lat' dir='ltr'><strong>veritu&#39;s</strong></span> <span class='ocrx_word' id='word_1_171' title='bbox 1932 2238 2031 2299; x_wconf 90' lang='lat' dir='ltr'><strong>est</strong></span> <span class='ocrx_word' id='word_1_172' title='bbox 2074 2235 2140 2299; x_wconf 90' lang='lat' dir='ltr'><strong>in</strong></span> <span class='ocrx_word' id='word_1_173' title='bbox 2161 2235 2336 2299; x_wconf 90' lang='lat' dir='ltr'><strong>Arat.</strong></span> <span class='ocrx_word' id='word_1_174' title='bbox 2366 2234 2531 2301; x_wconf 87' lang='grc'>1064</span> 
     </span>
     <span class='ocr_line' id='line_1_20' title="bbox 289 2335 2536 2418; baseline 0 -16"><span class='ocrx_word' id='word_1_175' title='bbox 289 2336 716 2402; x_wconf 76' lang='grc' dir='ltr'><em>θεσπεσιέων</em></span> <span class='ocrx_word' id='word_1_176' title='bbox 782 2336 1058 2402; x_wconf 91' lang='lat' dir='ltr'><strong>scribere</strong></span> <span class='ocrx_word' id='word_1_177' title='bbox 1104 2336 1447 2418; x_wconf 87' lang='lat' dir='ltr'><strong>eodemque</strong></span> <span class='ocrx_word' id='word_1_178' title='bbox 1516 2338 1699 2402; x_wconf 91' lang='lat' dir='ltr'><strong>modo</strong></span> <span class='ocrx_word' id='word_1_179' title='bbox 1757 2338 1925 2418; x_wconf 88' lang='lat' dir='ltr'><strong>apud</strong></span> <span class='ocrx_word' id='word_1_180' title='bbox 1970 2335 2424 2402; x_wconf 87' lang='lat' dir='ltr'><strong>Callimachum</strong></span> <span class='ocrx_word' id='word_1_181' title='bbox 2468 2343 2536 2403; x_wconf 92' lang='lat' dir='ltr'><strong>et</strong></span> 
     </span>
     <span class='ocr_line' id='line_1_21' title="bbox 290 2433 2530 2524; baseline 0 -19"><span class='ocrx_word' id='word_1_182' title='bbox 290 2439 738 2522; x_wconf 91' lang='lat' dir='ltr'><strong>Appollonium</strong></span> <span class='ocrx_word' id='word_1_183' title='bbox 787 2433 1042 2505; x_wconf 77' lang='grc' dir='ltr'><em>ἀλλέων</em></span> <span class='ocrx_word' id='word_1_184' title='bbox 1091 2435 1298 2524; x_wconf 81' lang='grc' dir='ltr'><em>νήσων</em></span> <span class='ocrx_word' id='word_1_185' title='bbox 1345 2438 1537 2506; x_wconf 85' lang='lat' dir='ltr'><strong>scribi</strong></span> <span class='ocrx_word' id='word_1_186' title='bbox 1579 2439 1767 2504; x_wconf 88' lang='lat' dir='ltr'><strong>iussit</strong></span> <span class='ocrx_word' id='word_1_187' title='bbox 1811 2439 1993 2505; x_wconf 88' lang='lat' dir='ltr'><strong>adH.</strong></span> <span class='ocrx_word' id='word_1_188' title='bbox 2007 2436 2097 2504; x_wconf 82' lang='lat' dir='ltr'><strong>H.</strong></span> <span class='ocrx_word' id='word_1_189' title='bbox 2141 2440 2207 2505; x_wconf 91' lang='lat' dir='ltr'><strong>in</strong></span> <span class='ocrx_word' id='word_1_190' title='bbox 2231 2439 2369 2506; x_wconf 86' lang='lat' dir='ltr'><strong>Cer.</strong></span> <span class='ocrx_word' id='word_1_191' title='bbox 2388 2439 2530 2506; x_wconf 87' lang='lat'><strong>363.</strong></span> 
     </span>
     <span class='ocr_line' id='line_1_22' title="bbox 288 2542 2534 2623; baseline 0 -15"><span class='ocrx_word' id='word_1_192' title='bbox 288 2543 601 2609; x_wconf 90' lang='lat' dir='ltr'><strong>Veterum</strong></span> <span class='ocrx_word' id='word_1_193' title='bbox 646 2543 702 2607; x_wconf 90' lang='lat' dir='ltr'><strong>si</strong></span> <span class='ocrx_word' id='word_1_194' title='bbox 745 2542 852 2623; x_wconf 82' lang='lat' dir='ltr'><strong>qui</strong></span> <span class='ocrx_word' id='word_1_195' title='bbox 894 2543 986 2607; x_wconf 88' lang='lat' dir='ltr'><strong>ita</strong></span> <span class='ocrx_word' id='word_1_196' title='bbox 1031 2543 1447 2623; x_wconf 90' lang='lat' dir='ltr'><strong>scripserunt,</strong></span> <span class='ocrx_word' id='word_1_197' title='bbox 1515 2543 1951 2608; x_wconf 88' lang='lat' dir='ltr'><strong>recordatione</strong></span> <span class='ocrx_word' id='word_1_198' title='bbox 1997 2542 2534 2609; x_wconf 83' lang='lat' dir='ltr'><strong>substantivorum</strong></span> 
     </span>
     <span class='ocr_line' id='line_1_23' title="bbox 291 2644 2532 2733; baseline 0 -22"><span class='ocrx_word' id='word_1_199' title='bbox 291 2646 470 2712; x_wconf 86' lang='lat' dir='ltr'><strong>ducti</strong></span> <span class='ocrx_word' id='word_1_200' title='bbox 514 2649 678 2724; x_wconf 85' lang='lat' dir='ltr'><strong>sunt,</strong></span> <span class='ocrx_word' id='word_1_201' title='bbox 723 2663 886 2727; x_wconf 90' lang='lat' dir='ltr'><strong>quae</strong></span> <span class='ocrx_word' id='word_1_202' title='bbox 931 2645 1172 2726; x_wconf 90' lang='lat' dir='ltr'><strong>epsilon</strong></span> <span class='ocrx_word' id='word_1_203' title='bbox 1213 2644 1499 2711; x_wconf 89' lang='lat' dir='ltr'><strong>innatum</strong></span> <span class='ocrx_word' id='word_1_204' title='bbox 1543 2645 1806 2711; x_wconf 87' lang='lat' dir='ltr'><strong>habent:</strong></span> <span class='ocrx_word' id='word_1_205' title='bbox 1875 2644 2183 2733; x_wconf 80' lang='grc' dir='ltr'><em>κρηνέων,</em></span> <span class='ocrx_word' id='word_1_206' title='bbox 2233 2645 2532 2711; x_wconf 81' lang='grc' dir='ltr'><em>ναυτέων.</em></span> 
     </span>
    </p>
   </div>
   <div class='ocr_carea' id='block_1_9' title="bbox 216 2744 2536 2830">
    <p class='ocr_par' dir='ltr' id='par_1_9' title="bbox 216 2744 2536 2830">
     <span class='ocr_line' id='line_1_24' title="bbox 216 2744 2536 2830; baseline 0 -17"><span class='ocrx_word' id='word_1_207' title='bbox 216 2793 223 2800; x_wconf 85' lang='lat'>-</span> <span class='ocrx_word' id='word_1_208' title='bbox 290 2747 775 2813; x_wconf 89' lang='lat' dir='ltr'><strong>Homericorum</strong></span> <span class='ocrx_word' id='word_1_209' title='bbox 859 2747 1311 2813; x_wconf 78' lang='lat' dir='ltr'><strong>adjectivorum</strong></span> <span class='ocrx_word' id='word_1_210' title='bbox 1387 2768 1583 2813; x_wconf 91' lang='lat' dir='ltr'><strong>unum</strong></span> <span class='ocrx_word' id='word_1_211' title='bbox 1654 2748 1753 2813; x_wconf 92' lang='lat' dir='ltr'><strong>bis</strong></span> <span class='ocrx_word' id='word_1_212' title='bbox 1832 2748 2174 2830; x_wconf 90' lang='lat' dir='ltr'><strong>repetitum</strong></span> <span class='ocrx_word' id='word_1_213' title='bbox 2245 2744 2536 2816; x_wconf 76' lang='grc' dir='ltr'><em>ἱππείων</em></span> 
     </span>
    </p>
   </div>
   <div class='ocr_carea' id='block_1_10' title="bbox 216 4410 246 4430">
    <p class='ocr_par' dir='ltr' id='par_1_10' title="bbox 216 4410 246 4430">
     <span class='ocr_line' id='line_1_25' title="bbox 216 4410 246 4430; baseline 0 0"><span class='ocrx_word' id='word_1_214' title='bbox 216 4410 246 4430; x_wconf 74' lang='grc' dir='ltr'><em>Ι</em></span> 
     </span>
    </p>
   </div>
   <div class='ocr_carea' id='block_1_11' title="bbox 290 2846 2542 3549">
    <p class='ocr_par' dir='ltr' id='par_1_11' title="bbox 290 2846 2542 3549">
     <span class='ocr_line' id='line_1_26' title="bbox 293 2846 2534 2940; baseline -0 -23"><span class='ocrx_word' id='word_1_215' title='bbox 293 2846 565 2917; x_wconf 83' lang='grc' dir='ltr'><em>ὁπλέων</em></span> <span class='ocrx_word' id='word_1_216' title='bbox 609 2849 1008 2915; x_wconf 86' lang='lat' dir='ltr'><strong>Thierschius</strong></span> <span class='ocrx_word' id='word_1_217' title='bbox 1075 2849 1690 2940; x_wconf 73' lang='lat' dir='ltr'><strong>circumflectendam</strong></span> <span class='ocrx_word' id='word_1_218' title='bbox 1753 2854 1939 2933; x_wconf 89' lang='lat' dir='ltr'><strong>putat</strong></span> <span class='ocrx_word' id='word_1_219' title='bbox 2004 2851 2236 2933; x_wconf 90' lang='lat' dir='ltr'><strong>quippe</strong></span> <span class='ocrx_word' id='word_1_220' title='bbox 2292 2868 2369 2914; x_wconf 88' lang='lat' dir='ltr'><strong>ex</strong></span> <span class='ocrx_word' id='word_1_221' title='bbox 2420 2846 2534 2916; x_wconf 76' lang='grc' dir='ltr'><em>ἳπ-</em></span> 
     </span>
     <span class='ocr_line' id='line_1_27' title="bbox 296 2939 2535 3034; baseline -0.001 -14"><span class='ocrx_word' id='word_1_222' title='bbox 296 2952 547 3020; x_wconf 81' lang='grc' dir='ltr'><em>πειέων</em></span> <span class='ocrx_word' id='word_1_223' title='bbox 590 2958 997 3033; x_wconf 86' lang='lat' dir='ltr'><strong>contractum,</strong></span> <span class='ocrx_word' id='word_1_224' title='bbox 1045 2953 1157 3017; x_wconf 93' lang='lat' dir='ltr'><strong>sed</strong></span> <span class='ocrx_word' id='word_1_225' title='bbox 1181 2952 1664 3034; x_wconf 85' lang='lat' dir='ltr'><strong>approbatorem</strong></span> <span class='ocrx_word' id='word_1_226' title='bbox 1706 2971 1830 3016; x_wconf 91' lang='lat' dir='ltr'><strong>non</strong></span> <span class='ocrx_word' id='word_1_227' title='bbox 1852 2953 2109 3032; x_wconf 88' lang='lat' dir='ltr'><strong>invenit,</strong></span> <span class='ocrx_word' id='word_1_228' title='bbox 2153 2973 2209 3018; x_wconf 91' lang='lat' dir='ltr'><strong>v.</strong></span> <span class='ocrx_word' id='word_1_229' title='bbox 2226 2939 2535 3034; x_wconf 84' lang='lat' dir='ltr'><strong>Spitzner.</strong></span> 
     </span>
     <span class='ocr_line' id='line_1_28' title="bbox 293 3054 2539 3144; baseline -0.001 -22"><span class='ocrx_word' id='word_1_230' title='bbox 293 3056 385 3122; x_wconf 90' lang='lat' dir='ltr'><strong>ad</strong></span> <span class='ocrx_word' id='word_1_231' title='bbox 424 3056 519 3121; x_wconf 89' lang='lat' dir='ltr'><strong>XI</strong></span> <span class='ocrx_word' id='word_1_232' title='bbox 562 3054 706 3120; x_wconf 88' lang='lat'><strong>536.</strong></span> <span class='ocrx_word' id='word_1_233' title='bbox 793 3056 1139 3121; x_wconf 88' lang='lat' dir='ltr'><strong>Accentum</strong></span> <span class='ocrx_word' id='word_1_234' title='bbox 1204 3055 1588 3119; x_wconf 85' lang='lat' dir='ltr'><strong>tralaticium</strong></span> <span class='ocrx_word' id='word_1_235' title='bbox 1653 3059 1875 3121; x_wconf 87' lang='lat' dir='ltr'><strong>tenent</strong></span> <span class='ocrx_word' id='word_1_236' title='bbox 1938 3056 2360 3144; x_wconf 69' lang='lat' dir='ltr'><strong>grammatici,</strong></span> <span class='ocrx_word' id='word_1_237' title='bbox 2430 3056 2539 3137; x_wconf 93' lang='lat' dir='ltr'><strong>qui</strong></span> 
     </span>
     <span class='ocr_line' id='line_1_29' title="bbox 290 3157 2535 3240; baseline -0.001 -16"><span class='ocrx_word' id='word_1_238' title='bbox 290 3160 486 3224; x_wconf 91' lang='lat' dir='ltr'><strong>huius</strong></span> <span class='ocrx_word' id='word_1_239' title='bbox 544 3159 832 3224; x_wconf 88' lang='lat' dir='ltr'><strong>dictionis</strong></span> <span class='ocrx_word' id='word_1_240' title='bbox 896 3158 1278 3223; x_wconf 87' lang='lat' dir='ltr'><strong>mentionem</strong></span> <span class='ocrx_word' id='word_1_241' title='bbox 1343 3157 1656 3238; x_wconf 89' lang='lat' dir='ltr'><strong>fecerunt,</strong></span> <span class='ocrx_word' id='word_1_242' title='bbox 1730 3178 1856 3223; x_wconf 92' lang='lat' dir='ltr'><strong>non</strong></span> <span class='ocrx_word' id='word_1_243' title='bbox 1922 3159 2272 3240; x_wconf 88' lang='lat' dir='ltr'><strong>scripturae</strong></span> <span class='ocrx_word' id='word_1_244' title='bbox 2326 3176 2535 3237; x_wconf 89' lang='lat' dir='ltr'><strong>causa,</strong></span> 
     </span>
     <span class='ocr_line' id='line_1_30' title="bbox 296 3260 2542 3343; baseline -0.003 -14"><span class='ocrx_word' id='word_1_245' title='bbox 296 3262 414 3329; x_wconf 86' lang='lat' dir='ltr'><strong>sed</strong></span> <span class='ocrx_word' id='word_1_246' title='bbox 478 3265 737 3343; x_wconf 87' lang='lat' dir='ltr'><strong>propter</strong></span> <span class='ocrx_word' id='word_1_247' title='bbox 788 3260 1197 3340; x_wconf 63' lang='lat' dir='ltr'><strong>abusionem,</strong></span> <span class='ocrx_word' id='word_1_248' title='bbox 1224 3278 1537 3343; x_wconf 62' lang='lat' dir='ltr'><strong>mamque</strong></span> <span class='ocrx_word' id='word_1_249' title='bbox 1583 3260 1956 3340; x_wconf 84' lang='lat' dir='ltr'><strong>Homerum,</strong></span> <span class='ocrx_word' id='word_1_250' title='bbox 2026 3262 2080 3324; x_wconf 93' lang='lat' dir='ltr'><strong>si</strong></span> <span class='ocrx_word' id='word_1_251' title='bbox 2136 3261 2214 3325; x_wconf 91' lang='lat' dir='ltr'><strong>de</strong></span> <span class='ocrx_word' id='word_1_252' title='bbox 2260 3260 2542 3340; x_wconf 87' lang='lat' dir='ltr'><strong>corporis</strong></span> 
     </span>
     <span class='ocr_line' id='line_1_31' title="bbox 294 3351 2536 3449; baseline -0.002 -18"><span class='ocrx_word' id='word_1_253' title='bbox 294 3365 589 3449; x_wconf 87' lang='lat' dir='ltr'><strong>partibus</strong></span> <span class='ocrx_word' id='word_1_254' title='bbox 634 3351 1045 3428; x_wconf 83' lang='lat' dir='ltr'><strong>animantium</strong></span> <span class='ocrx_word' id='word_1_255' title='bbox 1067 3363 1351 3428; x_wconf 90' lang='lat' dir='ltr'><strong>vivorum</strong></span> <span class='ocrx_word' id='word_1_256' title='bbox 1390 3363 1707 3443; x_wconf 90' lang='lat' dir='ltr'><strong>loquatur,</strong></span> <span class='ocrx_word' id='word_1_257' title='bbox 1751 3382 1877 3427; x_wconf 91' lang='lat' dir='ltr'><strong>non</strong></span> <span class='ocrx_word' id='word_1_258' title='bbox 1922 3361 2245 3444; x_wconf 74' lang='lat' dir='ltr'><strong>epitheton</strong></span> <span class='ocrx_word' id='word_1_259' title='bbox 2286 3380 2536 3444; x_wconf 89' lang='lat' dir='ltr'><strong>posses-</strong></span> 
     </span>
     <span class='ocr_line' id='line_1_32' title="bbox 298 3464 2541 3549; baseline -0.003 -15"><span class='ocrx_word' id='word_1_260' title='bbox 298 3470 506 3534; x_wconf 87' lang='lat' dir='ltr'><strong>sivum</strong></span> <span class='ocrx_word' id='word_1_261' title='bbox 550 3484 893 3549; x_wconf 89' lang='lat' dir='ltr'><strong>apponere,</strong></span> <span class='ocrx_word' id='word_1_262' title='bbox 963 3465 1076 3530; x_wconf 94' lang='lat' dir='ltr'><strong>sed</strong></span> <span class='ocrx_word' id='word_1_263' title='bbox 1131 3465 1477 3547; x_wconf 84' lang='lat' dir='ltr'><strong>genitivum</strong></span> <span class='ocrx_word' id='word_1_264' title='bbox 1521 3464 1927 3545; x_wconf 83' lang='lat' dir='ltr'><strong>substantivi,</strong></span> <span class='ocrx_word' id='word_1_265' title='bbox 1995 3483 2191 3546; x_wconf 89' lang='lat' dir='ltr'><strong>quare</strong></span> <span class='ocrx_word' id='word_1_266' title='bbox 2235 3464 2337 3529; x_wconf 92' lang='lat' dir='ltr'><strong>hic</strong></span> <span class='ocrx_word' id='word_1_267' title='bbox 2350 3515 2364 3544; x_wconf 89' lang='lat'><strong>,</strong></span> <span class='ocrx_word' id='word_1_268' title='bbox 2432 3465 2541 3530; x_wconf 92' lang='lat' dir='ltr'><strong>ubi</strong></span> 
     </span>
    </p>
   </div>
   <div class='ocr_carea' id='block_1_12' title="bbox 300 3561 2652 3658">
    <p class='ocr_par' dir='ltr' id='par_1_12' title="bbox 300 3561 2652 3658">
     <span class='ocr_line' id='line_1_33' title="bbox 300 3561 2652 3658; baseline -0.002 -22"><span class='ocrx_word' id='word_1_269' title='bbox 300 3572 449 3653; x_wconf 90' lang='lat' dir='ltr'><strong>equi</strong></span> <span class='ocrx_word' id='word_1_270' title='bbox 515 3574 840 3635; x_wconf 74' lang='lat' dir='ltr'><strong>currentes</strong></span> <span class='ocrx_word' id='word_1_271' title='bbox 907 3568 1364 3658; x_wconf 84' lang='lat' dir='ltr'><strong>significantur,</strong></span> <span class='ocrx_word' id='word_1_272' title='bbox 1430 3586 1556 3633; x_wconf 92' lang='lat' dir='ltr'><strong>non</strong></span> <span class='ocrx_word' id='word_1_273' title='bbox 1624 3564 1826 3633; x_wconf 81' lang='grc' dir='ltr'><em>ὁπλαὶ</em></span> <span class='ocrx_word' id='word_1_274' title='bbox 1868 3562 2141 3633; x_wconf 68' lang='grc' dir='ltr'><em>ἵππειαι</em></span> <span class='ocrx_word' id='word_1_275' title='bbox 2210 3561 2544 3632; x_wconf 81' lang='lat' dir='ltr'><strong>dicendum</strong></span> <span class='ocrx_word' id='word_1_276' title='bbox 2647 3598 2652 3601; x_wconf 87' lang='lat'><strong>·</strong></span> 
     </span>
    </p>
   </div>
   <div class='ocr_carea' id='block_1_13' title="bbox 299 3665 2545 3754">
    <p class='ocr_par' dir='ltr' id='par_1_13' title="bbox 299 3665 2545 3754">
     <span class='ocr_line' id='line_1_34' title="bbox 299 3665 2545 3754; baseline -0.003 -15"><span class='ocrx_word' id='word_1_277' title='bbox 299 3672 518 3754; x_wconf 88' lang='lat' dir='ltr'><strong>fuisse,</strong></span> <span class='ocrx_word' id='word_1_278' title='bbox 564 3672 680 3739; x_wconf 91' lang='lat' dir='ltr'><strong>sed</strong></span> <span class='ocrx_word' id='word_1_279' title='bbox 720 3669 953 3739; x_wconf 70' lang='grc' dir='ltr'><em>ἳππων</em></span> <span class='ocrx_word' id='word_1_280' title='bbox 980 3671 1051 3754; x_wconf 84' lang='lat'><strong>²).</strong></span> <span class='ocrx_word' id='word_1_281' title='bbox 1139 3672 1276 3737; x_wconf 90' lang='lat' dir='ltr'><strong>Hoc</strong></span> <span class='ocrx_word' id='word_1_282' title='bbox 1336 3665 1550 3735; x_wconf 79' lang='lat' dir='ltr'><strong>autem</strong></span> <span class='ocrx_word' id='word_1_283' title='bbox 1595 3669 1881 3751; x_wconf 85' lang='lat' dir='ltr'><strong>exemplo</strong></span> <span class='ocrx_word' id='word_1_284' title='bbox 1923 3668 2207 3733; x_wconf 92' lang='lat' dir='ltr'><strong>nonnulli</strong></span> <span class='ocrx_word' id='word_1_285' title='bbox 2250 3669 2352 3733; x_wconf 89' lang='lat' dir='ltr'><strong>usi</strong></span> <span class='ocrx_word' id='word_1_286' title='bbox 2396 3673 2545 3733; x_wconf 92' lang='lat' dir='ltr'><strong>sunt</strong></span> 
     </span>
    </p>
   </div>
   <div class='ocr_carea' id='block_1_14' title="bbox 443 3890 2549 3963">
    <p class='ocr_par' dir='ltr' id='par_1_14' title="bbox 443 3890 2549 3963">
     <span class='ocr_line' id='line_1_35' title="bbox 443 3890 2549 3963; baseline -0.001 -15"><span class='ocrx_word' id='word_1_287' title='bbox 443 3894 501 3963; x_wconf 91' lang='grc'><strong>1)</strong></span> <span class='ocrx_word' id='word_1_288' title='bbox 537 3897 798 3947; x_wconf 71' lang='lat' dir='ltr'><strong>Universa</strong></span> <span class='ocrx_word' id='word_1_289' title='bbox 833 3894 998 3947; x_wconf 81' lang='lat' dir='ltr'><strong>schol.</strong></span> <span class='ocrx_word' id='word_1_290' title='bbox 1035 3895 1292 3962; x_wconf 86' lang='lat' dir='ltr'><strong>Hermog.</strong></span> <span class='ocrx_word' id='word_1_291' title='bbox 1330 3895 1396 3946; x_wconf 82' lang='lat' dir='ltr'><strong>de</strong></span> <span class='ocrx_word' id='word_1_292' title='bbox 1431 3895 1513 3947; x_wconf 89' lang='lat' dir='ltr'><strong>Id.</strong></span> <span class='ocrx_word' id='word_1_293' title='bbox 1550 3910 1597 3947; x_wconf 82' lang='lat' dir='ltr'><strong>c.</strong></span> <span class='ocrx_word' id='word_1_294' title='bbox 1631 3895 1708 3945; x_wconf 87' lang='lat' dir='ltr'><strong>XI</strong></span> <span class='ocrx_word' id='word_1_295' title='bbox 1735 3890 1838 3947; x_wconf 84' lang='grc'><strong>889</strong></span> <span class='ocrx_word' id='word_1_296' title='bbox 1873 3893 1939 3948; x_wconf 83' lang='grc' dir='ltr'><strong>Τ.</strong></span> <span class='ocrx_word' id='word_1_297' title='bbox 1958 3893 2061 3946; x_wconf 87' lang='lat' dir='ltr'><strong>VII</strong></span> <span class='ocrx_word' id='word_1_298' title='bbox 2095 3893 2158 3947; x_wconf 80' lang='lat' dir='ltr'><strong>P.</strong></span> <span class='ocrx_word' id='word_1_299' title='bbox 2194 3893 2249 3943; x_wconf 94' lang='lat'><strong>11</strong></span> <span class='ocrx_word' id='word_1_300' title='bbox 2285 3891 2549 3962; x_wconf 79' lang='grc' dir='ltr'><em>διαίρεσίς</em></span> 
     </span>
    </p>
   </div>
   <div class='ocr_carea' id='block_1_15' title="bbox 306 3975 2547 4134">
    <p class='ocr_par' dir='ltr' id='par_1_15' title="bbox 306 3975 2547 4134">
     <span class='ocr_line' id='line_1_36' title="bbox 306 3975 2412 4050; baseline -0.004 -14"><span class='ocrx_word' id='word_1_301' title='bbox 306 3981 473 4046; x_wconf 74' lang='grc' dir='ltr'><em>ἔστιν,</em></span> <span class='ocrx_word' id='word_1_302' title='bbox 513 3978 647 4035; x_wconf 82' lang='grc' dir='ltr'><em>ὅταν</em></span> <span class='ocrx_word' id='word_1_303' title='bbox 683 3981 824 4041; x_wconf 77' lang='grc' dir='ltr'><em>λέξις</em></span> <span class='ocrx_word' id='word_1_304' title='bbox 856 3982 1253 4050; x_wconf 70' lang='grc' dir='ltr'><em>περισπωμένη</em></span> <span class='ocrx_word' id='word_1_305' title='bbox 1291 3980 1364 4038; x_wconf 74' lang='grc' dir='ltr'><strong>εἷς</strong></span> <span class='ocrx_word' id='word_1_306' title='bbox 1401 3975 1503 4033; x_wconf 81' lang='grc' dir='ltr'><strong>δύο</strong></span> <span class='ocrx_word' id='word_1_307' title='bbox 1539 3978 1854 4049; x_wconf 59' lang='grc' dir='ltr'><strong>διοιιρῆταιῐΓ</strong></span> <span class='ocrx_word' id='word_1_308' title='bbox 1880 3980 2101 4031; x_wconf 80' lang='grc' dir='ltr'><em>πυλῶν</em></span> <span class='ocrx_word' id='word_1_309' title='bbox 2136 3980 2412 4030; x_wconf 79' lang='grc' dir='ltr'><em>πυλέων.</em></span> 
     </span>
     <span class='ocr_line' id='line_1_37' title="bbox 442 4062 2547 4134; baseline -0.001 -15"><span class='ocrx_word' id='word_1_310' title='bbox 442 4066 501 4132; x_wconf 74' lang='grc'><strong>2)</strong></span> <span class='ocrx_word' id='word_1_311' title='bbox 535 4069 734 4120; x_wconf 76' lang='lat' dir='ltr'><strong>Aratus</strong></span> <span class='ocrx_word' id='word_1_312' title='bbox 786 4067 852 4119; x_wconf 83' lang='lat' dir='ltr'><strong>de</strong></span> <span class='ocrx_word' id='word_1_313' title='bbox 905 4068 1076 4119; x_wconf 83' lang='lat' dir='ltr'><strong>sidere</strong></span> <span class='ocrx_word' id='word_1_314' title='bbox 1110 4068 1334 4134; x_wconf 80' lang='lat' dir='ltr'><strong>loquens</strong></span> <span class='ocrx_word' id='word_1_315' title='bbox 1368 4064 1472 4119; x_wconf 78' lang='lat'><strong>487</strong></span> <span class='ocrx_word' id='word_1_316' title='bbox 1526 4062 1698 4118; x_wconf 79' lang='grc' dir='ltr'><em>ὁπλαὶ</em></span> <span class='ocrx_word' id='word_1_317' title='bbox 1748 4066 1996 4129; x_wconf 77' lang='grc' dir='ltr'><em>ἵππειαι,</em></span> <span class='ocrx_word' id='word_1_318' title='bbox 2049 4066 2145 4118; x_wconf 84' lang='lat' dir='ltr'><strong>sed</strong></span> <span class='ocrx_word' id='word_1_319' title='bbox 2195 4065 2320 4116; x_wconf 83' lang='lat' dir='ltr'><strong>alibi</strong></span> <span class='ocrx_word' id='word_1_320' title='bbox 2355 4063 2547 4130; x_wconf 75' lang='grc' dir='ltr'><em>ἱππείῃ</em></span> 
     </span>
    </p>
   </div>
   <div class='ocr_carea' id='block_1_16' title="bbox 200 4138 1023 4228">
    <p class='ocr_par' dir='ltr' id='par_1_16' title="bbox 200 4138 1023 4228">
     <span class='ocr_line' id='line_1_38' title="bbox 200 4138 1023 4228; baseline 0.002 -21"><span class='ocrx_word' id='word_1_321' title='bbox 200 4138 209 4144; x_wconf 36' lang='grc'><strong>“</strong></span> <span class='ocrx_word' id='word_1_322' title='bbox 309 4147 540 4228; x_wconf 60' lang='grc' dir='ltr'><strong>κεφαλή3</strong></span> <span class='ocrx_word' id='word_1_323' title='bbox 577 4156 757 4220; x_wconf 79' lang='grc' dir='ltr'><em>κητείη</em></span> <span class='ocrx_word' id='word_1_324' title='bbox 792 4147 1023 4222; x_wconf 80' lang='grc' dir='ltr'><em>κεφαλή.</em></span> 
     </span>
    </p>
   </div>
   <div class='ocr_carea' id='block_1_17' title="bbox 444 4233 2552 4307">
    <p class='ocr_par' dir='ltr' id='par_1_17' title="bbox 444 4233 2552 4307">
     <span class='ocr_line' id='line_1_39' title="bbox 444 4233 2552 4307; baseline -0.004 -15"><span class='ocrx_word' id='word_1_325' title='bbox 444 4238 504 4305; x_wconf 69' lang='lat'><strong>&#39;⁸&#39;)</strong></span> <span class='ocrx_word' id='word_1_326' title='bbox 539 4240 598 4291; x_wconf 78' lang='lat' dir='ltr'><em>E</em></span> <span class='ocrx_word' id='word_1_327' title='bbox 625 4239 867 4292; x_wconf 68' lang='lat' dir='ltr'><strong>schedula</strong></span> <span class='ocrx_word' id='word_1_328' title='bbox 913 4256 976 4291; x_wconf 83' lang='lat' dir='ltr'><strong>ea</strong></span> <span class='ocrx_word' id='word_1_329' title='bbox 990 4276 1004 4302; x_wconf 91' lang='lat'>‚</span> <span class='ocrx_word' id='word_1_330' title='bbox 1057 4256 1213 4307; x_wconf 75' lang='lat' dir='ltr'><strong>quam</strong></span> <span class='ocrx_word' id='word_1_331' title='bbox 1264 4254 1429 4306; x_wconf 62' lang='lat' dir='ltr'><strong>supra</strong></span> <span class='ocrx_word' id='word_1_332' title='bbox 1480 4236 1951 4301; x_wconf 65' lang='lat' dir='ltr'><strong>demonstravimus,</strong></span> <span class='ocrx_word' id='word_1_333' title='bbox 2003 4238 2102 4289; x_wconf 77' lang='lat' dir='ltr'><strong>huc</strong></span> <span class='ocrx_word' id='word_1_334' title='bbox 2134 4233 2552 4305; x_wconf 60' lang='lat' dir='ltr'><strong>transferendum</strong></span> 
     </span>
    </p>
   </div>
   <div class='ocr_carea' id='block_1_18' title="bbox 308 4313 2550 4458">
    <p class='ocr_par' dir='ltr' id='par_1_18' title="bbox 308 4313 2550 4458">
     <span class='ocr_line' id='line_1_40' title="bbox 308 4313 2550 4392; baseline -0.002 -17"><span class='ocrx_word' id='word_1_335' title='bbox 308 4331 379 4375; x_wconf 65' lang='lat' dir='ltr'><strong>ed</strong></span> <span class='ocrx_word' id='word_1_336' title='bbox 411 4324 569 4376; x_wconf 73' lang='lat' dir='ltr'><strong>illud:</strong></span> <span class='ocrx_word' id='word_1_337' title='bbox 606 4328 805 4390; x_wconf 85' lang='lat' dir='ltr'><strong>„Aliter</strong></span> <span class='ocrx_word' id='word_1_338' title='bbox 841 4327 1006 4379; x_wconf 80' lang='lat' dir='ltr'><strong>schol.</strong></span> <span class='ocrx_word' id='word_1_339' title='bbox 1045 4327 1146 4380; x_wconf 79' lang='lat' dir='ltr'><strong>od.</strong></span> <span class='ocrx_word' id='word_1_340' title='bbox 1181 4327 1241 4379; x_wconf 93' lang='lat'><strong>11</strong></span> <span class='ocrx_word' id='word_1_341' title='bbox 1277 4323 1512 4392; x_wconf 62' lang='lat'><strong>114143,</strong></span> <span class='ocrx_word' id='word_1_342' title='bbox 1550 4318 1709 4391; x_wconf 78' lang='grc' dir='ltr'><em>ὅτεῴ</em></span> <span class='ocrx_word' id='word_1_343' title='bbox 1744 4340 1811 4375; x_wconf 83' lang='grc' dir='ltr'><em>τε</em></span> <span class='ocrx_word' id='word_1_344' title='bbox 1846 4317 2065 4388; x_wconf 83' lang='grc' dir='ltr'><em>πατήρ</em></span> <span class='ocrx_word' id='word_1_345' title='bbox 2090 4349 2154 4359; x_wconf 94' lang='grc'>-</span> <span class='ocrx_word' id='word_1_346' title='bbox 2192 4321 2252 4373; x_wconf 73' lang='grc' dir='ltr'><strong>ἐκ</strong></span> <span class='ocrx_word' id='word_1_347' title='bbox 2288 4320 2385 4372; x_wconf 84' lang='grc' dir='ltr'><em>τοῦ</em></span> <span class='ocrx_word' id='word_1_348' title='bbox 2425 4313 2550 4386; x_wconf 82' lang='grc' dir='ltr'><em>ὅτῳ</em></span> 
     </span>
     <span class='ocr_line' id='line_1_41' title="bbox 413 4391 2148 4458; baseline 0.002 -9"><span class='ocrx_word' id='word_1_349' title='bbox 413 4409 649 4458; x_wconf 62' lang='lat' dir='ltr'><strong>nubent,</strong></span> <span class='ocrx_word' id='word_1_350' title='bbox 673 4410 843 4453; x_wconf 71' lang='lat' dir='ltr'><strong>rathol.</strong></span> <span class='ocrx_word' id='word_1_351' title='bbox 872 4409 927 4449; x_wconf 84' lang='lat'><strong>11.</strong></span> <span class='ocrx_word' id='word_1_352' title='bbox 2112 4391 2148 4452; x_wconf 81' lang='lat'>7</span> 
     </span>
    </p>
   </div>
  </div>
 </body>
</html>
