2946 4928
417 327 542 396 186
1196 328 1757 396 DISSERTATIO
1800 329 1941 396 vn.
2050 287 2063 298 “

416 492 517 575 38,
565 485 690 559 ὦσι
736 492 837 573 50,
884 486 1024 560 εἷλε
1070 491 1171 573 65,
1221 488 1593 580 ἀνεχώρησε
1617 491 1717 573 73,
1770 496 2073 561 Φωκεῦσι
2098 491 2239 573 112,
2284 488 2666 582 ἐτελεύτησε

419 594 561 677 138,
606 596 708 663 cui
750 596 860 661 uni
905 597 1029 662 duo
1059 601 1310 663 tantum
1355 602 1422 662 et
1463 597 1511 662 ii
1556 596 1870 663 secundae
1902 597 2123 662 classis
2146 596 2392 663 codices
2438 600 2513 662 νῦ
2559 615 2663 663 as-

415 703 625 765 suunt.
713 697 878 764 Ante
922 699 1173 764 vocales
1217 716 1367 764 vero
1413 699 1780 788 κατέφυγεν
1826 718 1876 765 c.
1923 699 2025 780 62,
2093 697 2254 767 εἰσίν
2298 718 2347 766 c.
2392 699 2495 765 47.
2582 700 2662 766 In

414 803 692 869 secundo
730 803 1002 889 φέρουσι
1047 802 1254 881 0.·37,
1297 799 1427 869 εἰσί
1470 801 1571 883 64,
1618 805 1978 891 συνέγραφε
2024 804 2123 884 70,
2170 802 2520 871 ἐδικαίωσε
2552 805 2666 885 71;

413 913 482 973 at
530 905 640 972 ubi
657 906 893 972 vocalis
918 906 1212 985 succedit,
1260 893 1478 986 ἔλεξεν
1524 926 1575 972 c.
1602 908 1697 988 10,
1745 902 1996 974 ἀνεῖλεν
2029 905 2120 987 18,
2169 904 2521 995 ἐκράτησεν
2563 906 2705 987 37,“

414 1028 682 1093 quorum
729 1010 840 1074 uni
889 1011 1259 1096 συνέγραψε
1305 1009 1430 1074 duo
1473 1010 1653 1076 codd.
1699 1015 1774 1077 νῦ
1818 1010 2074 1076 minime
2096 1012 2524 1077 necessarium
2555 1030 2666 1094 ag-

388 1106 755 1195 glutinant,
825 1112 1193 1194 Kruegerus
1253 1130 1403 1178 vero
1447 1113 1755 1178 omnibus.
1842 1115 1962 1179 His
2028 1119 2452 1181 consentanea
2517 1119 2669 1180 sunt

415 1235 577 1303 quae
632 1215 803 1297 apud
832 1214 1314 1296 Xenophontem
1358 1217 1790 1298 reperiuntur:
1836 1213 2177 1305 ἀπήγαγεν
2199 1218 2365 1284 Hell.
2388 1218 2481 1283 IV
2511 1235 2561 1284 c.
2605 1216 2667 1296 4,

413 1319 734 1405 ἔπραττεν
776 1318 869 1383 VI
914 1336 965 1382 e.
1013 1318 1071 1397 2,
1118 1320 1306 1397 ζῶσιν
1349 1319 1606 1385 Memm.
1652 1319 1717 1384 Π
1761 1338 1812 1385 c,
1860 1320 1917 1400 7,
1967 1318 2450 1406 παρεσκεύαζεν
2479 1319 2571 1385 IV
2612 1338 2667 1386 c.

414 1420 455 1487 4
506 1426 573 1486 et
616 1424 764 1486 ante
816 1439 1153 1487 consonam
1198 1420 1392 1511 ἔληξε
1434 1421 1601 1487 Hell.
1645 1422 1745 1488 III
1787 1442 1839 1488 c.
1884 1424 1949 1504 2,
1989 1417 2120 1505 εἶχε
2164 1425 2257 1490 VI
2300 1424 2368 1504 4,
2436 1423 2669 1506 quibus

413 1523 864 1607 comprobatur
908 1527 1372 1613 πλημμελοῦσι
1415 1525 1670 1592 Memm.
1717 1527 1817 1592 III
1857 1526 1918 1608 4,
1962 1531 2037 1593 ut
2077 1527 2146 1592 in
2187 1532 2457 1609 quatuor
2486 1527 2668 1593 codd.

413 1629 718 1711 scriptum
761 1634 865 1694 est
907 1629 1153 1694 abiecto
1196 1628 1396 1695 fulcro
1440 1630 1667 1711 inutili,
1739 1632 1907 1712 quod
1948 1632 2138 1713 vulgo
2180 1634 2506 1711 receptum
2544 1634 2668 1696 est.

419 1730 516 1798 De
562 1730 665 1796 his
708 1731 918 1814 igitur,
964 1732 1030 1796 in
1074 1731 1302 1813 quibus
1348 1735 1494 1800 libri
1540 1734 1758 1816 scripti
1781 1733 2059 1816 editique
2103 1734 2474 1815 plerumque
2519 1752 2667 1799 con—
2721 1774 2727 1780 -

428 1835 728 1914 sentiunt,
773 1855 898 1903 non
941 1853 1323 1916 magnopere
1366 1837 1748 1903 laboramus
1778 1874 1848 1884 ——
1881 1835 2008 1902 Sed
2053 1834 2392 1902 difficultas
2438 1854 2665 1919 aggra-

428 1939 644 2017 vescit,
691 1939 746 2002 si
792 1938 1028 2004 adilla
1071 1936 1513 2005 descendimus
1560 1941 2148 2006 enuntiatorum
2211 1940 2667 2020 intervalla,

411 2059 574 2124 quae
617 2041 889 2123 propriis
934 2038 1314 2122 quibusdam
1338 2041 1534 2122 signis
1578 2043 1786 2108 notari
1830 2044 2050 2108 solent.
2138 2042 2421 2107 Primum
2464 2042 2663 2108 inter-

411 2144 757 2227 rogationis
781 2194 796 2224 ,
873 2144 1005 2209 sive
1072 2143 1127 2208 is
1196 2143 1305 2225 qui
1368 2144 1720 2227 interrogat
1784 2143 2039 2211 sibimet
2099 2145 2237 2227 ipse
2302 2145 2664 2227 respondet,

416 2266 580 2331 quae
625 2246 850 2314 crebra
896 2251 996 2312 est
1035 2247 1101 2312 in
1157 2245 1546 2312 orationibus
1610 2242 1844 2328 figura,
1911 2250 2044 2315 sive
2108 2248 2271 2314 alius
2338 2249 2667 2315 cuiusdam

411 2352 699 2435 quaesito
744 2350 1072 2431 succurrit,
1115 2355 1191 2416 ut
1233 2348 1310 2416 fit
1348 2351 1415 2414 in
1460 2350 1741 2432 dialogis.
1830 2353 1953 2419 Hic
1972 2353 2344 2436 plerumque
2386 2352 2665 2434 regulae,

418 2474 584 2538 quae
628 2458 729 2521 est
772 2455 852 2521 de
895 2454 1342 2537 consequentia
1373 2455 1722 2536 literarum,
1766 2456 2134 2522 inservitur:
2180 2448 2262 2523 οὗ
2309 2454 2465 2539 περὶ
2508 2451 2666 2521 ‘tob-

409 2584 538 2624 των
567 2554 883 2647 ”Ομηρσς
951 2555 1352 2645 πεποίηκεν;
1412 2554 1670 2646 Ἀληθῆ
1715 2560 1926 2644 λέγεις
1968 2558 2129 2625 Plat.
2196 2557 2328 2625 Ion.
2386 2556 2506 2623 531
2586 2558 2667 2640 D,

408 2666 522 2728 νῦν
568 2663 642 2731 δὲ
684 2660 752 2729 τί
797 2668 1129 2742 notaveram
1181 2655 1413 2748 Ἔργον
1455 2663 1579 2745 μὲν
1622 2658 1817 2729 οὐδὲν
1863 2659 2318 2747 ἇπσφαίνουσι
2384 2661 2563 2727 Dem.
2611 2680 2664 2729 c.

410 2765 658 2848 Aphob.
702 2764 736 2829 I
779 2762 925 2830 825.
977 2763 1055 2830 16
1097 2764 1173 2830 R.
1217 2769 1286 2830 et
1315 2769 1574 2831 contra:
1644 2759 1910 2844 ἀκούεις
1953 2757 1998 2830 ἃ
2045 2766 2339 2850 λέγουσις
2407 2760 2665 2831 Βούλο-

408 2894 532 2953 μαι
584 2907 654 2918 -
701 2888 763 2951 p.
810 2868 951 2934 Cor.
997 2866 1140 2934 243.
1192 2868 1249 2933 2.
1338 2867 1467 2934 Sed
1509 2869 1613 2933 hic
1654 2888 1780 2935 non
1822 2887 1969 2934 raro
2013 2867 2302 2957 subrepit
2366 2885 2660 2948 consona,

410 2991 570 3054 quae
615 2972 738 3037 nisi
779 2988 1024 3052 pausae
1051 2971 1299 3036 nomine
1346 2971 1602 3037 defendi
1644 2991 1768 3037 non
1812 2974 2054 3053 potest:
2125 2965 2359 3035 οὐκοῦν
2401 2970 2479 3036 τὸ
2546 2995 2660 3054 μι-

409 3073 620 3163 μητὸν
666 3073 734 3140 ἐν
808 3077 946 3151 τοῖς
993 3065 1319 3157 ῗίμμασινς
1388 3073 1527 3138 Καὶ
1571 3071 1775 3156 μάλα,
1844 3072 1976 3162 ἔφη
2040 3073 2200 3138 Xen.
2245 3072 2499 3152 Memm.
2564 3073 2667 3140 III

420 3178 517 3243 10.
563 3176 623 3257 4,
673 3174 1096 3264 npm'a'dwuem
1142 3177 1281 3245 Καὶ
1328 3169 1637 3262 δεήσεται
1668 3176 1934 3258 Lycurg.
1979 3176 2271 3242 &Leoclx
2315 3175 2440 3242 237
2487 3175 2662 3260 (239.

415 3279 533 3348 143
581 3279 811 3362 Bekk.)
853 3285 923 3345 et
964 3280 1153 3363 paulo
1197 3284 1344 3362 post
1387 3274 1508 3345 οὐκ
1540 3277 1933 3368 ἑτόλμησενς
1971 3276 2264 3357 Ῥοδίοις
2313 3316 2384 3327 -
2412 3328 2431 3346 .
2501 3279 2666 3345 Tum

408 3388 593 3450 extra
636 3383 1211 3463 interrogationem,
1256 3383 1366 3448 ubi
1412 3384 1576 3448 alter
1611 3383 1873 3448 alterius
1899 3400 2253 3449 sermonem
2298 3382 2545 3465 excipit,
2590 3387 2666 3450 ut

407 3487 473 3551 in
516 3486 677 3551 Plat.
723 3485 991 3551 Phaedr.
1037 3484 1165 3551 238
1209 3485 1258 3549 C
1305 3486 1582 3553 Phaedri
1604 3486 1864 3552 verbum
1900 3486 2193 3552 ultimum
2223 3489 2323 3550 est
2364 3481 2662 3574 εἴληφεν,

412 3588 687 3655 Socratis
732 3589 1005 3669 primum
1050 3592 1205 3675 σι’γῇ
1266 3589 1401 3655 sine
1466 3591 1598 3656 ulla
1666 3589 1970 3667 librorum
2032 3589 2481 3670 repugnantia3
2547 3589 2665 3656 sed

406 3694 549 3777 pari
570 3693 978 3778 consensione
1003 3690 1259 3756 Theaet.
1292 3691 1418 3758 342
1464 3692 1534 3760 C.
1582 3691 1779 3758 ἔοικε.
1855 3695 2020 3770 Πῶς
2042 3685 2123 3756 ἂν
2168 3683 2285 3757 οὗν
2313 3728 2386 3739 -
2407 3719 2427 3770 ,·
2452 3692 2659 3758 Parm.

415 3795 537 3864 144
580 3796 636 3861 E
684 3789 937 3881 ἄπειρα
981 3790 1062 3860 ‘co'
1108 3790 1380 3881 πλῆθός
1425 3795 1585 3862 ἔστι.
1681 3794 2020 3877 Φαίνεται,
2067 3794 2181 3859 sed
2227 3799 2446 3860 contra
2479 3795 2660 3861 codd.

408 3898 804 3964 Rueckertus
851 3899 918 3963 in
962 3896 1172 3979 Symp.
1215 3897 1347 3963 200
1388 3895 1445 3964 E
1504 3896 1695 3965 ἐστίν.
1766 3895 1961 3965 Πάνυ
2005 3923 2076 3983 γε
2121 3902 2189 3963 et
2254 3918 2447 3981 saepe
2490 3899 2659 3965 Bek-

333 4062 338 4079 ,
410 4002 632 4081 keruS,
680 4002 858 4066 ut‘in
904 3999 1033 4067 Oiv.
1079 4001 1137 4065 V
1181 3998 1311 4066 460
1355 4000 1413 4065 D
1459 3996 1997 4085 παραδώσουσιν.
2087 4003 2359 4090 Πολλὴν
2385 3998 2662 4093 ’ῥᾳστώ-

411 4131 546 4193 νην,
596 4102 748 4192 ἔφη,
799 4103 1143 4185 eodemque
1187 4103 1323 4191 loco
1366 4101 1672 4188 γυναιξίν.
1760 4105 2027 4193 Πρέπει
2073 4102 2226 4192 γάρ,
2270 4099 2351 4195 ἦν
2395 4100 2456 4173 δ’
2506 4102 2657 4191 ἐγώ.

413 4208 536 4275 Hic
578 4212 873 4275 neutrum
916 4206 1209 4290 probavit
1254 4205 1694 4288 Schneiderus,
1767 4208 1881 4275 sed
1922 4208 1991 4274 in
2032 4208 2065 4273 I
2109 4207 2235 4274 342
2281 4207 2330 4273 Ο
2375 4209 2665 4275 codicum

339 4332 349 4351 ⁸
412 4310 854 4378 nonnullorum
899 4308 1274 4376 auctoritate
1320 4310 1523 4377 edidit
1586 4312 1763 4398 τέχνη
1810 4310 2005 4378 ἐστίν.
2102 4307 2438 4390 Φαίνεται,
2509 4309 2661 4399 ἔφη.
