<?xml version="1.0" encoding="UTF-8"?>
<!DOCTYPE html PUBLIC "-//W3C//DTD XHTML 1.0 Transitional//EN"
    "http://www.w3.org/TR/xhtml1/DTD/xhtml1-transitional.dtd">
<html xmlns="http://www.w3.org/1999/xhtml" xml:lang="en" lang="en">
 <head>
  <title>
</title>
<meta http-equiv="Content-Type" content="text/html;charset=utf-8" />
  <meta name='ocr-system' content='tesseract 3.04.00' />
  <meta name='ocr-capabilities' content='ocr_page ocr_carea ocr_par ocr_line ocrx_word'/>
</head>
<body>
  <div class='ocr_page' id='page_1' title='image "./pathologiaegrae02lobegoog_0331.png"; bbox 0 0 2946 4928; ppageno 0'>
   <div class='ocr_carea' id='block_1_1' title="bbox 1009 340 2580 418">
    <p class='ocr_par' dir='ltr' id='par_1_1' title="bbox 1009 340 2580 418">
     <span class='ocr_line' id='line_1_1' title="bbox 1009 340 2580 418; baseline 0.006 -12"><span class='ocrx_word' id='word_1_1' title='bbox 1009 341 1123 408; x_wconf 92' lang='lat' dir='ltr'>DE</span> <span class='ocrx_word' id='word_1_2' title='bbox 1166 340 1570 410; x_wconf 83' lang='lat' dir='ltr'><strong>APOCOPE.</strong></span> <span class='ocrx_word' id='word_1_3' title='bbox 1661 343 1727 411; x_wconf 86' lang='lat' dir='ltr'>G.</span> <span class='ocrx_word' id='word_1_4' title='bbox 1773 346 1881 412; x_wconf 89' lang='lat' dir='ltr'>VI.</span> <span class='ocrx_word' id='word_1_5' title='bbox 2062 358 2069 361; x_wconf 89' lang='grc'><strong>’</strong></span> <span class='ocrx_word' id='word_1_6' title='bbox 2172 370 2180 377; x_wconf 86' lang='grc'><em>·</em></span> <span class='ocrx_word' id='word_1_7' title='bbox 2456 348 2580 418; x_wconf 87' lang='grc'>309</span> 
     </span>
    </p>
   </div>
   <div class='ocr_carea' id='block_1_2' title="bbox 326 499 2624 1828">
    <p class='ocr_par' dir='ltr' id='par_1_2' title="bbox 332 499 2576 694">
     <span class='ocr_line' id='line_1_2' title="bbox 332 499 2576 593; baseline 0.006 -26"><span class='ocrx_word' id='word_1_8' title='bbox 332 499 917 584; x_wconf 81' lang='lat' dir='ltr'>frequentissimum</span> <span class='ocrx_word' id='word_1_9' title='bbox 962 510 1078 586; x_wconf 87' lang='lat' dir='ltr'>est,</span> <span class='ocrx_word' id='word_1_10' title='bbox 1124 507 1397 573; x_wconf 87' lang='lat' dir='ltr'>alterum</span> <span class='ocrx_word' id='word_1_11' title='bbox 1439 509 1613 574; x_wconf 90' lang='lat' dir='ltr'>nullo</span> <span class='ocrx_word' id='word_1_12' title='bbox 1646 510 1769 575; x_wconf 88' lang='lat' dir='ltr'>alio</span> <span class='ocrx_word' id='word_1_13' title='bbox 1792 511 1927 577; x_wconf 91' lang='lat' dir='ltr'>loco</span> <span class='ocrx_word' id='word_1_14' title='bbox 1951 511 2201 593; x_wconf 85' lang='lat' dir='ltr'>legitur,</span> <span class='ocrx_word' id='word_1_15' title='bbox 2253 514 2368 579; x_wconf 90' lang='lat' dir='ltr'>sed</span> <span class='ocrx_word' id='word_1_16' title='bbox 2389 516 2576 581; x_wconf 92' lang='lat' dir='ltr'>modo</span> 
     </span>
     <span class='ocr_line' id='line_1_3' title="bbox 335 603 2168 694; baseline 0.007 -24"><span class='ocrx_word' id='word_1_17' title='bbox 335 605 501 672; x_wconf 75' lang='grc' dir='ltr'><em>πέλε</em></span> <span class='ocrx_word' id='word_1_18' title='bbox 547 609 613 670; x_wconf 80' lang='lat' dir='ltr'>et</span> <span class='ocrx_word' id='word_1_19' title='bbox 656 603 855 673; x_wconf 79' lang='grc' dir='ltr'><em>ἔπελε</em></span> <span class='ocrx_word' id='word_1_20' title='bbox 903 607 985 691; x_wconf 89' lang='lat' dir='ltr'>[v.</span> <span class='ocrx_word' id='word_1_21' title='bbox 1031 629 1090 690; x_wconf 89' lang='lat' dir='ltr'>p.</span> <span class='ocrx_word' id='word_1_22' title='bbox 1143 609 1309 694; x_wconf 69' lang='lat'>175}</span> <span class='ocrx_word' id='word_1_23' title='bbox 2164 663 2168 667; x_wconf 65' lang='grc'><strong><em>«</em></strong></span> 
     </span>
    </p>

    <p class='ocr_par' dir='ltr' id='par_1_3' title="bbox 326 706 2624 1828">
     <span class='ocr_line' id='line_1_4' title="bbox 510 706 2573 796; baseline 0.006 -25"><span class='ocrx_word' id='word_1_24' title='bbox 510 706 804 789; x_wconf 67' lang='lat' dir='ltr'>Desipit*</span> <span class='ocrx_word' id='word_1_25' title='bbox 816 729 966 778; x_wconf 82' lang='lat' dir='ltr'>vero</span> <span class='ocrx_word' id='word_1_26' title='bbox 1012 713 1202 778; x_wconf 80' lang='lat' dir='ltr'>schol.</span> <span class='ocrx_word' id='word_1_27' title='bbox 1250 713 1508 779; x_wconf 79' lang='lat' dir='ltr'>Theoor.</span> <span class='ocrx_word' id='word_1_28' title='bbox 1555 713 1654 778; x_wconf 89' lang='lat' dir='ltr'>III</span> <span class='ocrx_word' id='word_1_29' title='bbox 1707 713 1776 778; x_wconf 82' lang='lat'>11</span> <span class='ocrx_word' id='word_1_30' title='bbox 1851 714 2201 796; x_wconf 78' lang='grc' dir='ltr'><em>ἐκέλευσας</em></span> <span class='ocrx_word' id='word_1_31' title='bbox 2263 722 2369 784; x_wconf 85' lang='grc' dir='ltr'>καὶ</span> <span class='ocrx_word' id='word_1_32' title='bbox 2439 715 2573 785; x_wconf 71' lang='grc' dir='ltr'>κατ’</span> 
     </span>
     <span class='ocr_line' id='line_1_5' title="bbox 333 805 2624 902; baseline 0.003 -23"><span class='ocrx_word' id='word_1_33' title='bbox 333 805 686 896; x_wconf 77' lang='grc' dir='ltr'><em>ἆποκοπην</em></span> <span class='ocrx_word' id='word_1_34' title='bbox 708 812 996 900; x_wconf 75' lang='grc' dir='ltr'><em>δωρικὴν</em></span> <span class='ocrx_word' id='word_1_35' title='bbox 1042 815 1328 882; x_wconf 80' lang='grc' dir='ltr'>ἐκέλευ.</span> <span class='ocrx_word' id='word_1_36' title='bbox 1384 817 1472 881; x_wconf 83' lang='lat' dir='ltr'>Et</span> <span class='ocrx_word' id='word_1_37' title='bbox 1505 836 1630 882; x_wconf 93' lang='lat' dir='ltr'>non</span> <span class='ocrx_word' id='word_1_38' title='bbox 1665 819 1872 885; x_wconf 87' lang='lat' dir='ltr'>minus</span> <span class='ocrx_word' id='word_1_39' title='bbox 1916 820 2200 900; x_wconf 92' lang='lat' dir='ltr'>ineptum</span> <span class='ocrx_word' id='word_1_40' title='bbox 2246 825 2362 900; x_wconf 82' lang='lat' dir='ltr'>est,</span> <span class='ocrx_word' id='word_1_41' title='bbox 2408 823 2579 902; x_wconf 92' lang='lat' dir='ltr'>quod</span> <span class='ocrx_word' id='word_1_42' title='bbox 2620 867 2624 870; x_wconf 88' lang='lat'><em>-</em></span> 
     </span>
     <span class='ocr_line' id='line_1_6' title="bbox 334 914 2573 1002; baseline 0.005 -24"><span class='ocrx_word' id='word_1_43' title='bbox 334 914 417 979; x_wconf 82' lang='lat' dir='ltr'>de</span> <span class='ocrx_word' id='word_1_44' title='bbox 462 915 695 980; x_wconf 81' lang='lat' dir='ltr'>aoristo</span> <span class='ocrx_word' id='word_1_45' title='bbox 741 915 1124 996; x_wconf 74' lang='grc' dir='ltr'><em>ἐπέπλως</em></span> <span class='ocrx_word' id='word_1_46' title='bbox 1181 917 1441 983; x_wconf 86' lang='lat' dir='ltr'>Od.111</span> <span class='ocrx_word' id='word_1_47' title='bbox 1493 919 1568 984; x_wconf 85' lang='lat'>15</span> <span class='ocrx_word' id='word_1_48' title='bbox 1626 923 2026 1002; x_wconf 77' lang='lat' dir='ltr'><strong>proponitur:</strong></span> <span class='ocrx_word' id='word_1_49' title='bbox 2096 925 2246 988; x_wconf 81' lang='grc' dir='ltr'><em>πλῶ</em></span> <span class='ocrx_word' id='word_1_50' title='bbox 2326 921 2573 989; x_wconf 83' lang='grc' dir='ltr'><em>πλώσω</em></span> 
     </span>
     <span class='ocr_line' id='line_1_7' title="bbox 332 1015 2597 1108; baseline 0.002 -25"><span class='ocrx_word' id='word_1_51' title='bbox 332 1015 647 1096; x_wconf 75' lang='grc' dir='ltr'><em>ἔπλευσας</em></span> <span class='ocrx_word' id='word_1_52' title='bbox 711 1018 822 1085; x_wconf 78' lang='grc' dir='ltr'>καὶ</span> <span class='ocrx_word' id='word_1_53' title='bbox 887 1019 1054 1085; x_wconf 82' lang='grc' dir='ltr'><em>κατὰ</em></span> <span class='ocrx_word' id='word_1_54' title='bbox 1114 1015 1473 1105; x_wconf 75' lang='grc' dir='ltr'><em>ἀποκοπὴν</em></span> <span class='ocrx_word' id='word_1_55' title='bbox 1532 1019 1755 1100; x_wconf 79' lang='grc' dir='ltr'><em>ἔπλως</em></span> <span class='ocrx_word' id='word_1_56' title='bbox 1819 1025 1929 1089; x_wconf 80' lang='grc' dir='ltr'>καὶ</span> <span class='ocrx_word' id='word_1_57' title='bbox 1987 1022 2333 1108; x_wconf 79' lang='grc' dir='ltr'><em>ἐπέπλως,</em></span> <span class='ocrx_word' id='word_1_58' title='bbox 2406 1028 2597 1108; x_wconf 82' lang='lat' dir='ltr'>quod.</span> 
     </span>
     <span class='ocr_line' id='line_1_8' title="bbox 332 1114 2575 1208; baseline 0.004 -22"><span class='ocrx_word' id='word_1_59' title='bbox 332 1114 812 1203; x_wconf 85' lang='lat' dir='ltr'>scholiographo</span> <span class='ocrx_word' id='word_1_60' title='bbox 843 1115 1103 1203; x_wconf 82' lang='lat' dir='ltr'>ignobili</span> <span class='ocrx_word' id='word_1_61' title='bbox 1123 1120 1370 1188; x_wconf 77' lang='lat' dir='ltr'><strong>facilius</strong></span> <span class='ocrx_word' id='word_1_62' title='bbox 1391 1123 1791 1205; x_wconf 83' lang='lat' dir='ltr'>indulgemus</span> <span class='ocrx_word' id='word_1_63' title='bbox 1826 1144 2014 1207; x_wconf 86' lang='lat' dir='ltr'>quam</span> <span class='ocrx_word' id='word_1_64' title='bbox 2038 1129 2446 1208; x_wconf 79' lang='lat' dir='ltr'>grammatico</span> <span class='ocrx_word' id='word_1_65' title='bbox 2471 1147 2575 1194; x_wconf 89' lang='lat' dir='ltr'>su-</span> 
     </span>
     <span class='ocr_line' id='line_1_9' title="bbox 328 1223 2575 1305; baseline 0.004 -18"><span class='ocrx_word' id='word_1_66' title='bbox 328 1223 599 1305; x_wconf 89' lang='lat' dir='ltr'>perioris</span> <span class='ocrx_word' id='word_1_67' title='bbox 622 1225 884 1305; x_wconf 81' lang='lat' dir='ltr'>ordinis,</span> <span class='ocrx_word' id='word_1_68' title='bbox 915 1225 1015 1289; x_wconf 91' lang='lat' dir='ltr'>cui</span> <span class='ocrx_word' id='word_1_69' title='bbox 1038 1225 1207 1290; x_wconf 92' lang='lat' dir='ltr'>idem</span> <span class='ocrx_word' id='word_1_70' title='bbox 1229 1225 1529 1290; x_wconf 80' lang='lat' dir='ltr'>tribuitur</span> <span class='ocrx_word' id='word_1_71' title='bbox 1561 1226 1626 1290; x_wconf 92' lang='lat' dir='ltr'>in</span> <span class='ocrx_word' id='word_1_72' title='bbox 1652 1227 1840 1293; x_wconf 90' lang='lat' dir='ltr'>schol.</span> <span class='ocrx_word' id='word_1_73' title='bbox 1863 1229 1936 1293; x_wconf 90' lang='lat' dir='ltr'>Il.</span> <span class='ocrx_word' id='word_1_74' title='bbox 1957 1229 2056 1293; x_wconf 91' lang='lat' dir='ltr'>III</span> <span class='ocrx_word' id='word_1_75' title='bbox 2076 1228 2159 1294; x_wconf 82' lang='lat'>47</span> <span class='ocrx_word' id='word_1_76' title='bbox 2187 1224 2221 1294; x_wconf 83' lang='grc' dir='ltr'>ὁ</span> <span class='ocrx_word' id='word_1_77' title='bbox 2243 1226 2575 1297; x_wconf 75' lang='grc' dir='ltr'><em>Ἀπολλώ-</em></span> 
     </span>
     <span class='ocr_line' id='line_1_10' title="bbox 329 1324 2578 1418; baseline 0.005 -29"><span class='ocrx_word' id='word_1_78' title='bbox 329 1350 473 1404; x_wconf 88' lang='grc' dir='ltr'><em>νιος</em></span> <span class='ocrx_word' id='word_1_79' title='bbox 497 1325 569 1391; x_wconf 79' lang='grc' dir='ltr'>τὸ</span> <span class='ocrx_word' id='word_1_80' title='bbox 595 1324 980 1405; x_wconf 72' lang='grc' dir='ltr'><em>ἐπιπλώσας</em></span> <span class='ocrx_word' id='word_1_81' title='bbox 1004 1325 1382 1413; x_wconf 78' lang='grc' dir='ltr'><strong><em>σχηματίζει</em></strong></span> <span class='ocrx_word' id='word_1_82' title='bbox 1410 1326 1651 1406; x_wconf 70' lang='grc' dir='ltr'><em>οὕτως·</em></span> <span class='ocrx_word' id='word_1_83' title='bbox 1692 1334 1809 1396; x_wconf 77' lang='grc' dir='ltr'>τοῦ</span> <span class='ocrx_word' id='word_1_84' title='bbox 1843 1327 2168 1396; x_wconf 78' lang='grc' dir='ltr'><em>ἑπιπλώω</em></span> <span class='ocrx_word' id='word_1_85' title='bbox 2203 1329 2237 1398; x_wconf 82' lang='grc' dir='ltr'><em>ὃ</em></span> <span class='ocrx_word' id='word_1_86' title='bbox 2266 1329 2578 1418; x_wconf 71' lang='grc' dir='ltr'><em>ἀόριστος</em></span> 
     </span>
     <span class='ocr_line' id='line_1_11' title="bbox 329 1425 2575 1520; baseline 0.003 -25"><span class='ocrx_word' id='word_1_87' title='bbox 329 1427 725 1517; x_wconf 46' lang='grc' dir='ltr'><em>ἑπέπλωσαὶ</em></span> <span class='ocrx_word' id='word_1_88' title='bbox 770 1425 811 1516; x_wconf 79' lang='grc' dir='ltr'><strong><em>ἡ</em></strong></span> <span class='ocrx_word' id='word_1_89' title='bbox 857 1430 1097 1516; x_wconf 72' lang='grc' dir='ltr'><em>μετοχὴ</em></span> <span class='ocrx_word' id='word_1_90' title='bbox 1146 1428 1564 1510; x_wconf 75' lang='grc' dir='ltr'><em>ἐπιπλώσας,</em></span> <span class='ocrx_word' id='word_1_91' title='bbox 1621 1425 1764 1497; x_wconf 70' lang='grc' dir='ltr'>εἶτα</span> <span class='ocrx_word' id='word_1_92' title='bbox 1811 1427 2124 1520; x_wconf 68' lang='grc' dir='ltr'><em>ἀποκοπῇ</em></span> <span class='ocrx_word' id='word_1_93' title='bbox 2187 1431 2575 1516; x_wconf 77' lang='grc' dir='ltr'><em>ἐπιπλώς·</em></span> 
     </span>
     <span class='ocr_line' id='line_1_12' title="bbox 330 1529 2572 1621; baseline 0.004 -25"><span class='ocrx_word' id='word_1_94' title='bbox 330 1531 443 1597; x_wconf 82' lang='grc' dir='ltr'>’καὶ</span> <span class='ocrx_word' id='word_1_95' title='bbox 505 1533 579 1597; x_wconf 79' lang='grc' dir='ltr'>τὸ</span> <span class='ocrx_word' id='word_1_96' title='bbox 627 1529 939 1611; x_wconf 77' lang='grc' dir='ltr'><em>ἐπέπλως</em></span> <span class='ocrx_word' id='word_1_97' title='bbox 985 1530 1268 1616; x_wconf 83' lang='grc' dir='ltr'><em>ὁμοίως</em></span> <span class='ocrx_word' id='word_1_98' title='bbox 1304 1534 1374 1601; x_wconf 76' lang='grc' dir='ltr'>ἐκ</span> <span class='ocrx_word' id='word_1_99' title='bbox 1427 1541 1547 1602; x_wconf 82' lang='grc' dir='ltr'>τοῦ</span> <span class='ocrx_word' id='word_1_100' title='bbox 1593 1534 2013 1614; x_wconf 74' lang='grc' dir='ltr'><em>ἐπέπλευσας.</em></span> <span class='ocrx_word' id='word_1_101' title='bbox 2102 1535 2199 1609; x_wconf 86' lang='lat' dir='ltr'>De</span> <span class='ocrx_word' id='word_1_102' title='bbox 2242 1539 2572 1621; x_wconf 82' lang='lat' dir='ltr'>participio</span> 
     </span>
     <span class='ocr_line' id='line_1_13' title="bbox 326 1632 2571 1722; baseline 0.004 -23"><span class='ocrx_word' id='word_1_103' title='bbox 326 1634 437 1699; x_wconf 90' lang='lat' dir='ltr'>illo</span> <span class='ocrx_word' id='word_1_104' title='bbox 460 1633 576 1700; x_wconf 83' lang='lat' dir='ltr'>hoo</span> <span class='ocrx_word' id='word_1_105' title='bbox 597 1635 771 1701; x_wconf 79' lang='lat' dir='ltr'>addit</span> <span class='ocrx_word' id='word_1_106' title='bbox 796 1635 1116 1719; x_wconf 82' lang='lat' dir='ltr'>amplius:</span> <span class='ocrx_word' id='word_1_107' title='bbox 1141 1634 1243 1703; x_wconf 76' lang='grc' dir='ltr'>ὅτι</span> <span class='ocrx_word' id='word_1_108' title='bbox 1290 1637 1364 1705; x_wconf 75' lang='grc' dir='ltr'>δὲ</span> <span class='ocrx_word' id='word_1_109' title='bbox 1410 1632 1529 1704; x_wconf 78' lang='grc' dir='ltr'>οὐκ</span> <span class='ocrx_word' id='word_1_110' title='bbox 1575 1637 1710 1705; x_wconf 68' lang='grc' dir='ltr'><em>ἔστι</em></span> <span class='ocrx_word' id='word_1_111' title='bbox 1757 1633 1895 1704; x_wconf 82' lang='grc' dir='ltr'><em>ἀπὸ</em></span> <span class='ocrx_word' id='word_1_112' title='bbox 1941 1642 2054 1704; x_wconf 84' lang='grc' dir='ltr'>τοῦ</span> <span class='ocrx_word' id='word_1_113' title='bbox 2101 1639 2399 1722; x_wconf 78' lang='grc' dir='ltr'><em>θέματος</em></span> <span class='ocrx_word' id='word_1_114' title='bbox 2452 1646 2571 1710; x_wconf 82' lang='grc' dir='ltr'>τοῦ</span> 
     </span>
     <span class='ocr_line' id='line_1_14' title="bbox 330 1732 2568 1828; baseline 0.004 -26"><span class='ocrx_word' id='word_1_115' title='bbox 330 1738 585 1820; x_wconf 79' lang='grc' dir='ltr'><em>πλῶμι,</em></span> <span class='ocrx_word' id='word_1_116' title='bbox 656 1739 890 1824; x_wconf 79' lang='grc' dir='ltr'><em>δῆλον</em></span> <span class='ocrx_word' id='word_1_117' title='bbox 917 1739 987 1805; x_wconf 79' lang='grc' dir='ltr'>ἐκ</span> <span class='ocrx_word' id='word_1_118' title='bbox 1034 1747 1152 1806; x_wconf 80' lang='grc' dir='ltr'>τοῦ</span> <span class='ocrx_word' id='word_1_119' title='bbox 1196 1735 1401 1826; x_wconf 77' lang='grc' dir='ltr'><em>μηδὲν</em></span> <span class='ocrx_word' id='word_1_120' title='bbox 1447 1732 1618 1806; x_wconf 82' lang='grc' dir='ltr'><em>εἶναι</em></span> <span class='ocrx_word' id='word_1_121' title='bbox 1675 1738 1763 1820; x_wconf 82' lang='grc' dir='ltr'><em>ὡς</em></span> <span class='ocrx_word' id='word_1_122' title='bbox 1808 1738 1947 1809; x_wconf 77' lang='grc' dir='ltr'><em>ἀπὸ</em></span> <span class='ocrx_word' id='word_1_123' title='bbox 2019 1749 2144 1808; x_wconf 74' lang='grc' dir='ltr'>τῶν</span> <span class='ocrx_word' id='word_1_124' title='bbox 2212 1740 2305 1822; x_wconf 80' lang='grc' dir='ltr'><em>εἷς</em></span> <span class='ocrx_word' id='word_1_125' title='bbox 2347 1782 2439 1828; x_wconf 86' lang='grc' dir='ltr'>μι</span> <span class='ocrx_word' id='word_1_126' title='bbox 2467 1745 2568 1810; x_wconf 86' lang='grc' dir='ltr'>κί-</span> 
     </span>
    </p>
   </div>
   <div class='ocr_carea' id='block_1_3' title="bbox 326 1834 2680 1932">
    <p class='ocr_par' dir='ltr' id='par_1_4' title="bbox 326 1834 2680 1932">
     <span class='ocr_line' id='line_1_15' title="bbox 326 1834 2680 1932; baseline 0.004 -28"><span class='ocrx_word' id='word_1_127' title='bbox 326 1864 501 1927; x_wconf 85' lang='grc' dir='ltr'><em>νημα</em></span> <span class='ocrx_word' id='word_1_128' title='bbox 551 1878 623 1887; x_wconf 89' lang='grc'><strong>-</strong></span> <span class='ocrx_word' id='word_1_129' title='bbox 697 1839 835 1907; x_wconf 73' lang='grc' dir='ltr'>ἔδει</span> <span class='ocrx_word' id='word_1_130' title='bbox 882 1841 955 1908; x_wconf 77' lang='grc' dir='ltr'>δὲ</span> <span class='ocrx_word' id='word_1_131' title='bbox 1022 1869 1130 1908; x_wconf 87' lang='grc' dir='ltr'>και</span> <span class='ocrx_word' id='word_1_132' title='bbox 1178 1839 1511 1921; x_wconf 75' lang='grc' dir='ltr'><em>ἐπιπλούς</em></span> <span class='ocrx_word' id='word_1_133' title='bbox 1554 1834 1723 1910; x_wconf 83' lang='grc' dir='ltr'><em>εἶναι</em></span> <span class='ocrx_word' id='word_1_134' title='bbox 1793 1869 1884 1921; x_wconf 87' lang='grc' dir='ltr'><em>ως</em></span> <span class='ocrx_word' id='word_1_135' title='bbox 1945 1841 2130 1925; x_wconf 78' lang='grc' dir='ltr'><em>βιούς</em></span> <span class='ocrx_word' id='word_1_136' title='bbox 2196 1845 2307 1912; x_wconf 78' lang='grc' dir='ltr'>καὶ</span> <span class='ocrx_word' id='word_1_137' title='bbox 2352 1873 2564 1932; x_wconf 77' lang='grc' dir='ltr'><em>γιους,</em></span> <span class='ocrx_word' id='word_1_138' title='bbox 2672 1871 2680 1882; x_wconf 69' lang='grc'><em>’</em></span> 
     </span>
    </p>
   </div>
   <div class='ocr_carea' id='block_1_4' title="bbox 287 1942 2664 4406">
    <p class='ocr_par' dir='ltr' id='par_1_5' title="bbox 326 1942 2565 2233">
     <span class='ocr_line' id='line_1_16' title="bbox 326 1942 2564 2032; baseline 0.004 -26"><span class='ocrx_word' id='word_1_139' title='bbox 326 1962 454 2024; x_wconf 91' lang='lat' dir='ltr'>quo</span> <span class='ocrx_word' id='word_1_140' title='bbox 497 1942 763 2023; x_wconf 88' lang='lat' dir='ltr'>artificio</span> <span class='ocrx_word' id='word_1_141' title='bbox 806 1945 975 2009; x_wconf 93' lang='lat' dir='ltr'>idem</span> <span class='ocrx_word' id='word_1_142' title='bbox 1021 1946 1100 2011; x_wconf 88' lang='lat' dir='ltr'>de</span> <span class='ocrx_word' id='word_1_143' title='bbox 1142 1946 1326 2012; x_wconf 90' lang='lat' dir='ltr'><strong>Pron.</strong></span> <span class='ocrx_word' id='word_1_144' title='bbox 1378 1948 1498 2014; x_wconf 88' lang='lat'>113</span> <span class='ocrx_word' id='word_1_145' title='bbox 1552 1947 1954 2028; x_wconf 80' lang='lat' dir='ltr'>participium</span> <span class='ocrx_word' id='word_1_146' title='bbox 1998 1973 2088 2032; x_wconf 77' lang='grc' dir='ltr'>γη</span> <span class='ocrx_word' id='word_1_147' title='bbox 2104 1973 2142 2032; x_wconf 77' lang='grc' dir='ltr'><em>ρ</em></span> <span class='ocrx_word' id='word_1_148' title='bbox 2158 1943 2198 2012; x_wconf 84' lang='grc' dir='ltr'><em>ά</em></span> <span class='ocrx_word' id='word_1_149' title='bbox 2214 1974 2246 2026; x_wconf 76' lang='grc' dir='ltr'><em>ς</em></span> <span class='ocrx_word' id='word_1_150' title='bbox 2291 1951 2564 2016; x_wconf 89' lang='lat' dir='ltr'>enodare</span> 
     </span>
     <span class='ocr_line' id='line_1_17' title="bbox 327 2046 2565 2131; baseline 0.004 -21"><span class='ocrx_word' id='word_1_151' title='bbox 327 2050 607 2111; x_wconf 89' lang='lat' dir='ltr'>conatur.</span> <span class='ocrx_word' id='word_1_152' title='bbox 698 2046 794 2112; x_wconf 92' lang='lat' dir='ltr'>De</span> <span class='ocrx_word' id='word_1_153' title='bbox 837 2051 1107 2130; x_wconf 92' lang='lat' dir='ltr'>utroque</span> <span class='ocrx_word' id='word_1_154' title='bbox 1150 2068 1314 2131; x_wconf 91' lang='lat' dir='ltr'>quae</span> <span class='ocrx_word' id='word_1_155' title='bbox 1371 2050 1497 2115; x_wconf 91' lang='grc'>(1101</span> <span class='ocrx_word' id='word_1_156' title='bbox 1538 2054 1830 2130; x_wconf 83' lang='lat' dir='ltr'>possunt,</span> <span class='ocrx_word' id='word_1_157' title='bbox 1887 2051 2148 2131; x_wconf 83' lang='lat' dir='ltr'>exposui</span> <span class='ocrx_word' id='word_1_158' title='bbox 2211 2052 2278 2116; x_wconf 92' lang='lat' dir='ltr'>in</span> <span class='ocrx_word' id='word_1_159' title='bbox 2320 2051 2565 2119; x_wconf 91' lang='lat' dir='ltr'>Pathol.</span> 
     </span>
     <span class='ocr_line' id='line_1_18' title="bbox 326 2148 1097 2233; baseline 0.005 -20"><span class='ocrx_word' id='word_1_160' title='bbox 326 2148 594 2214; x_wconf 88' lang='lat' dir='ltr'>Elemm.</span> <span class='ocrx_word' id='word_1_161' title='bbox 642 2149 709 2214; x_wconf 91' lang='lat' dir='ltr'>T.</span> <span class='ocrx_word' id='word_1_162' title='bbox 757 2150 788 2213; x_wconf 88' lang='lat'>1</span> <span class='ocrx_word' id='word_1_163' title='bbox 834 2149 958 2215; x_wconf 83' lang='lat'>383</span> <span class='ocrx_word' id='word_1_164' title='bbox 1005 2170 1097 2233; x_wconf 91' lang='lat' dir='ltr'>sq.</span> 
     </span>
    </p>

    <p class='ocr_par' dir='ltr' id='par_1_6' title="bbox 287 2252 2664 4406">
     <span class='ocr_line' id='line_1_19' title="bbox 498 2252 2569 2336; baseline 0.004 -20"><span class='ocrx_word' id='word_1_165' title='bbox 498 2252 746 2318; x_wconf 90' lang='lat' dir='ltr'>Eadem</span> <span class='ocrx_word' id='word_1_166' title='bbox 814 2255 1232 2336; x_wconf 83' lang='lat' dir='ltr'>corruptionis</span> <span class='ocrx_word' id='word_1_167' title='bbox 1299 2255 1571 2336; x_wconf 89' lang='lat' dir='ltr'>suspicio</span> <span class='ocrx_word' id='word_1_168' title='bbox 1640 2252 1857 2333; x_wconf 78' lang='lat' dir='ltr'>afflata</span> <span class='ocrx_word' id='word_1_169' title='bbox 1933 2259 2033 2318; x_wconf 86' lang='lat' dir='ltr'>est</span> <span class='ocrx_word' id='word_1_170' title='bbox 2096 2256 2300 2321; x_wconf 85' lang='lat' dir='ltr'>tribus</span> <span class='ocrx_word' id='word_1_171' title='bbox 2365 2258 2569 2324; x_wconf 88' lang='lat' dir='ltr'>modis</span> 
     </span>
     <span class='ocr_line' id='line_1_20' title="bbox 322 2353 2595 2443; baseline 0.004 -23"><span class='ocrx_word' id='word_1_172' title='bbox 322 2355 612 2436; x_wconf 78' lang='lat' dir='ltr'>obliquis.</span> <span class='ocrx_word' id='word_1_173' title='bbox 677 2355 958 2422; x_wconf 86' lang='lat' dir='ltr'>Primum</span> <span class='ocrx_word' id='word_1_174' title='bbox 988 2358 1360 2438; x_wconf 87' lang='lat' dir='ltr'>imperativo</span> <span class='ocrx_word' id='word_1_175' title='bbox 1385 2357 1561 2435; x_wconf 76' lang='lat' dir='ltr'>verbi</span> <span class='ocrx_word' id='word_1_176' title='bbox 1601 2353 1848 2443; x_wconf 66' lang='grc' dir='ltr'><em>ἵστημι,</em></span> <span class='ocrx_word' id='word_1_177' title='bbox 1895 2357 2073 2422; x_wconf 87' lang='lat' dir='ltr'>cuius</span> <span class='ocrx_word' id='word_1_178' title='bbox 2120 2360 2281 2425; x_wconf 83' lang='lat' dir='ltr'>duae</span> <span class='ocrx_word' id='word_1_179' title='bbox 2325 2359 2595 2428; x_wconf 81' lang='lat' dir='ltr'>formae</span> 
     </span>
     <span class='ocr_line' id='line_1_21' title="bbox 321 2455 2569 2556; baseline 0.004 -33"><span class='ocrx_word' id='word_1_180' title='bbox 321 2457 646 2524; x_wconf 84' lang='lat' dir='ltr'>discordes</span> <span class='ocrx_word' id='word_1_181' title='bbox 692 2460 863 2542; x_wconf 90' lang='lat' dir='ltr'>apud</span> <span class='ocrx_word' id='word_1_182' title='bbox 904 2455 1250 2529; x_wconf 86' lang='lat' dir='ltr'>Homerum</span> <span class='ocrx_word' id='word_1_183' title='bbox 1295 2463 1542 2540; x_wconf 82' lang='lat' dir='ltr'>extant,</span> <span class='ocrx_word' id='word_1_184' title='bbox 1610 2485 1702 2524; x_wconf 85' lang='grc' dir='ltr'>κα</span> <span class='ocrx_word' id='word_1_185' title='bbox 1718 2455 1964 2556; x_wconf 52' lang='grc' dir='ltr'><em>θίσνα</em></span> <span class='ocrx_word' id='word_1_186' title='bbox 2018 2461 2085 2526; x_wconf 89' lang='grc'>111</span> <span class='ocrx_word' id='word_1_187' title='bbox 2129 2463 2302 2530; x_wconf 85' lang='lat' dir='ltr'>exitu</span> <span class='ocrx_word' id='word_1_188' title='bbox 2345 2484 2569 2533; x_wconf 86' lang='lat' dir='ltr'>versus</span> 
     </span>
     <span class='ocr_line' id='line_1_22' title="bbox 287 2561 2655 2652; baseline 0.002 -25"><span class='ocrx_word' id='word_1_189' title='bbox 287 2562 393 2627; x_wconf 88' lang='lat'>·11.</span> <span class='ocrx_word' id='word_1_190' title='bbox 440 2561 534 2626; x_wconf 89' lang='lat' dir='ltr'>IX</span> <span class='ocrx_word' id='word_1_191' title='bbox 563 2562 689 2628; x_wconf 82' lang='lat'>202</span> <span class='ocrx_word' id='word_1_192' title='bbox 721 2569 800 2628; x_wconf 50' lang='lat' dir='ltr'>’et</span> <span class='ocrx_word' id='word_1_193' title='bbox 840 2561 1028 2652; x_wconf 73' lang='grc' dir='ltr'>ἵστη</span> <span class='ocrx_word' id='word_1_194' title='bbox 1071 2563 1228 2629; x_wconf 88' lang='lat' dir='ltr'>XXI</span> <span class='ocrx_word' id='word_1_195' title='bbox 1252 2561 1395 2643; x_wconf 89' lang='lat'><strong>313,</strong></span> <span class='ocrx_word' id='word_1_196' title='bbox 1441 2563 1551 2628; x_wconf 92' lang='lat' dir='ltr'>ubi</span> <span class='ocrx_word' id='word_1_197' title='bbox 1596 2563 2076 2643; x_wconf 89' lang='lat' dir='ltr'>spondeoopus</span> <span class='ocrx_word' id='word_1_198' title='bbox 2122 2570 2237 2632; x_wconf 85' lang='lat' dir='ltr'>est.</span> <span class='ocrx_word' id='word_1_199' title='bbox 2318 2569 2414 2634; x_wconf 92' lang='lat' dir='ltr'>De</span> <span class='ocrx_word' id='word_1_200' title='bbox 2457 2570 2567 2647; x_wconf 87' lang='lat' dir='ltr'>illo</span> <span class='ocrx_word' id='word_1_201' title='bbox 2644 2616 2655 2632; x_wconf 87' lang='lat'><strong>.</strong></span> 
     </span>
     <span class='ocr_line' id='line_1_23' title="bbox 323 2661 2566 2756; baseline 0.004 -26"><span class='ocrx_word' id='word_1_202' title='bbox 323 2665 516 2732; x_wconf 73' lang='lat' dir='ltr'>schol.</span> <span class='ocrx_word' id='word_1_203' title='bbox 562 2665 627 2729; x_wconf 83' lang='lat' dir='ltr'>A-</span> <span class='ocrx_word' id='word_1_204' title='bbox 674 2667 765 2731; x_wconf 82' lang='lat' dir='ltr'>Sic</span> <span class='ocrx_word' id='word_1_205' title='bbox 817 2666 1122 2748; x_wconf 78' lang='lat' dir='ltr'>loquitur:</span> <span class='ocrx_word' id='word_1_206' title='bbox 1192 2661 1283 2744; x_wconf 74' lang='grc' dir='ltr'>(ὃς</span> <span class='ocrx_word' id='word_1_207' title='bbox 1338 2664 1705 2731; x_wconf 74' lang='grc' dir='ltr'><em>καθίστανε</em></span> <span class='ocrx_word' id='word_1_208' title='bbox 1759 2667 1834 2730; x_wconf 82' lang='grc' dir='ltr'>τὸ</span> <span class='ocrx_word' id='word_1_209' title='bbox 1883 2669 2131 2751; x_wconf 75' lang='grc' dir='ltr'><em>πλῆρες</em></span> <span class='ocrx_word' id='word_1_210' title='bbox 2197 2670 2309 2753; x_wconf 86' lang='lat' dir='ltr'><strong>(So.</strong></span> <span class='ocrx_word' id='word_1_211' title='bbox 2354 2671 2566 2756; x_wconf 73' lang='grc' dir='ltr'><em>βραχὺ</em></span> 
     </span>
     <span class='ocr_line' id='line_1_24' title="bbox 322 2765 2664 2855; baseline 0.002 -20"><span class='ocrx_word' id='word_1_212' title='bbox 322 2767 454 2852; x_wconf 77' lang='grc' dir='ltr'><em>ἔχει</em></span> <span class='ocrx_word' id='word_1_213' title='bbox 503 2767 577 2833; x_wconf 80' lang='grc' dir='ltr'>τὸ</span> <span class='ocrx_word' id='word_1_214' title='bbox 627 2767 723 2851; x_wconf 65' lang='grc' dir='ltr'>ἆ),</span> <span class='ocrx_word' id='word_1_215' title='bbox 773 2765 983 2845; x_wconf 75' lang='grc' dir='ltr'><em>οὕτως</em></span> <span class='ocrx_word' id='word_1_216' title='bbox 1020 2768 1128 2834; x_wconf 84' lang='grc' dir='ltr'>καὶ</span> <span class='ocrx_word' id='word_1_217' title='bbox 1176 2767 1290 2835; x_wconf 74' lang='grc' dir='ltr'><em>ἐπὶ</em></span> <span class='ocrx_word' id='word_1_218' title='bbox 1337 2773 1450 2854; x_wconf 78' lang='grc' dir='ltr'><em>τῆς</em></span> <span class='ocrx_word' id='word_1_219' title='bbox 1497 2765 1913 2855; x_wconf 75' lang='grc' dir='ltr'><em>ᾇποκοπῆς“,</em></span> <span class='ocrx_word' id='word_1_220' title='bbox 1954 2766 2079 2835; x_wconf 81' lang='grc' dir='ltr'>εἰσί</span> <span class='ocrx_word' id='word_1_221' title='bbox 2127 2770 2200 2838; x_wconf 74' lang='grc' dir='ltr'>δὲ</span> <span class='ocrx_word' id='word_1_222' title='bbox 2250 2768 2324 2839; x_wconf 79' lang='grc' dir='ltr'>οἳ</span> <span class='ocrx_word' id='word_1_223' title='bbox 2369 2774 2564 2840; x_wconf 76' lang='grc' dir='ltr'><em>ἐκτεί-</em></span> <span class='ocrx_word' id='word_1_224' title='bbox 2654 2803 2664 2823; x_wconf 78' lang='grc'><em>·</em></span> 
     </span>
     <span class='ocr_line' id='line_1_25' title="bbox 320 2867 2564 2957; baseline 0.004 -22"><span class='ocrx_word' id='word_1_225' title='bbox 320 2895 545 2937; x_wconf 78' lang='grc' dir='ltr'><em>νουσιν</em></span> <span class='ocrx_word' id='word_1_226' title='bbox 613 2867 683 2936; x_wconf 66' lang='grc' dir='ltr'>ἐκ</span> <span class='ocrx_word' id='word_1_227' title='bbox 750 2877 867 2935; x_wconf 83' lang='grc' dir='ltr'>τοῦ</span> <span class='ocrx_word' id='word_1_228' title='bbox 924 2867 1083 2936; x_wconf 74' lang='grc' dir='ltr'>ἶστῶ</span> <span class='ocrx_word' id='word_1_229' title='bbox 1151 2871 1267 2954; x_wconf 76' lang='grc' dir='ltr'>τὴν</span> <span class='ocrx_word' id='word_1_230' title='bbox 1324 2870 1533 2937; x_wconf 68' lang='grc' dir='ltr'><em>κλίσιν</em></span> <span class='ocrx_word' id='word_1_231' title='bbox 1579 2868 2239 2957; x_wconf 74' lang='grc' dir='ltr'><em>παραλαμβάνοντες.</em></span> <span class='ocrx_word' id='word_1_232' title='bbox 2329 2877 2455 2942; x_wconf 84' lang='lat' dir='ltr'>Alii</span> <span class='ocrx_word' id='word_1_233' title='bbox 2497 2879 2564 2943; x_wconf 88' lang='lat' dir='ltr'>in</span> 
     </span>
     <span class='ocr_line' id='line_1_26' title="bbox 324 2970 2566 3060; baseline 0.002 -18"><span class='ocrx_word' id='word_1_234' title='bbox 324 2973 471 3043; x_wconf 73' lang='lat' dir='ltr'>EM..</span> <span class='ocrx_word' id='word_1_235' title='bbox 516 2970 660 3039; x_wconf 82' lang='lat'><strong>477.</strong></span> <span class='ocrx_word' id='word_1_236' title='bbox 693 2972 790 3038; x_wconf 73' lang='lat'>56</span> <span class='ocrx_word' id='word_1_237' title='bbox 847 2978 1186 3055; x_wconf 91' lang='lat' dir='ltr'>utrumque</span> <span class='ocrx_word' id='word_1_238' title='bbox 1232 2973 1487 3060; x_wconf 72' lang='lat' dir='ltr'>quidem</span> <span class='ocrx_word' id='word_1_239' title='bbox 1531 2991 1846 3055; x_wconf 86' lang='lat' dir='ltr'>apocopae</span> <span class='ocrx_word' id='word_1_240' title='bbox 1891 2975 2279 3058; x_wconf 89' lang='lat' dir='ltr'>subiectum,</span> <span class='ocrx_word' id='word_1_241' title='bbox 2349 2981 2464 3045; x_wconf 90' lang='lat' dir='ltr'>sed</span> <span class='ocrx_word' id='word_1_242' title='bbox 2527 3001 2566 3046; x_wconf 94' lang='lat' dir='ltr'>a</span> 
     </span>
     <span class='ocr_line' id='line_1_27' title="bbox 294 3074 2562 3170; baseline 0.003 -27"><span class='ocrx_word' id='word_1_243' title='bbox 294 3077 575 3167; x_wconf 39' lang='lat' dir='ltr'>‚diverso</span> <span class='ocrx_word' id='word_1_244' title='bbox 628 3077 937 3159; x_wconf 88' lang='lat' dir='ltr'>principio</span> <span class='ocrx_word' id='word_1_245' title='bbox 990 3074 1341 3158; x_wconf 87' lang='lat' dir='ltr'>profectum</span> <span class='ocrx_word' id='word_1_246' title='bbox 1398 3076 1643 3142; x_wconf 89' lang='lat' dir='ltr'>dicunt:</span> <span class='ocrx_word' id='word_1_247' title='bbox 1714 3074 1778 3142; x_wconf 77' lang='grc' dir='ltr'>οὶ</span> <span class='ocrx_word' id='word_1_248' title='bbox 1841 3078 1963 3159; x_wconf 77' lang='grc' dir='ltr'>μὲν</span> <span class='ocrx_word' id='word_1_249' title='bbox 2035 3080 2364 3170; x_wconf 72' lang='grc' dir='ltr'>λεγουσιν</span> <span class='ocrx_word' id='word_1_250' title='bbox 2435 3082 2562 3167; x_wconf 72' lang='grc' dir='ltr'>ότι,</span> 
     </span>
     <span class='ocr_line' id='line_1_28' title="bbox 324 3175 2563 3271; baseline 0.003 -27"><span class='ocrx_word' id='word_1_251' title='bbox 324 3177 486 3244; x_wconf 80' lang='grc' dir='ltr'><em>όταν</em></span> <span class='ocrx_word' id='word_1_252' title='bbox 529 3175 855 3265; x_wconf 77' lang='grc' dir='ltr'><em>ἆποκοπη</em></span> <span class='ocrx_word' id='word_1_253' title='bbox 898 3180 1161 3265; x_wconf 79' lang='grc' dir='ltr'><em>γένηται</em></span> <span class='ocrx_word' id='word_1_254' title='bbox 1206 3182 1333 3243; x_wconf 81' lang='grc' dir='ltr'>τῶν</span> <span class='ocrx_word' id='word_1_255' title='bbox 1379 3203 1476 3257; x_wconf 82' lang='grc' dir='ltr'><em>εις</em></span> <span class='ocrx_word' id='word_1_256' title='bbox 1521 3182 1582 3249; x_wconf 69' lang='grc' dir='ltr'>θῖ</span> <span class='ocrx_word' id='word_1_257' title='bbox 1630 3186 2148 3263; x_wconf 74' lang='grc' dir='ltr'><em>προσιακτικῶν,</em></span> <span class='ocrx_word' id='word_1_258' title='bbox 2198 3182 2563 3271; x_wconf 78' lang='grc' dir='ltr'><em>ἐπαύξησις</em></span> 
     </span>
     <span class='ocr_line' id='line_1_29' title="bbox 312 3276 2564 3369; baseline 0.004 -24"><span class='ocrx_word' id='word_1_259' title='bbox 312 3278 699 3349; x_wconf 73' lang='grc' dir='ltr'><em>ακολουθεῖ</em></span> <span class='ocrx_word' id='word_1_260' title='bbox 742 3278 832 3358; x_wconf 81' lang='grc' dir='ltr'><em>ὡς</em></span> <span class='ocrx_word' id='word_1_261' title='bbox 873 3279 1110 3348; x_wconf 58' lang='lat' dir='ltr'>aava&amp;</span> <span class='ocrx_word' id='word_1_262' title='bbox 1180 3307 1282 3347; x_wconf 87' lang='grc' dir='ltr'>και</span> <span class='ocrx_word' id='word_1_263' title='bbox 1332 3282 1499 3345; x_wconf 81' lang='grc' dir='ltr'><em>κατὰ</em></span> <span class='ocrx_word' id='word_1_264' title='bbox 1549 3276 1903 3369; x_wconf 76' lang='grc' dir='ltr'><em>ἀποκοπὴν</em></span> <span class='ocrx_word' id='word_1_265' title='bbox 1948 3281 2097 3349; x_wconf 81' lang='grc' dir='ltr'><em>ι’στα</em></span> <span class='ocrx_word' id='word_1_266' title='bbox 2146 3285 2257 3351; x_wconf 81' lang='grc' dir='ltr'>καὶ</span> <span class='ocrx_word' id='word_1_267' title='bbox 2303 3286 2564 3353; x_wconf 60' lang='grc' dir='ltr'>ἐκτάσει</span> 
     </span>
     <span class='ocr_line' id='line_1_30' title="bbox 319 3382 2562 3475; baseline 0.001 -23.004"><span class='ocrx_word' id='word_1_268' title='bbox 319 3382 489 3471; x_wconf 83' lang='grc' dir='ltr'>ι’στη.</span> <span class='ocrx_word' id='word_1_269' title='bbox 576 3385 776 3451; x_wconf 82' lang='lat' dir='ltr'>Hoc‘</span> <span class='ocrx_word' id='word_1_270' title='bbox 759 3383 905 3471; x_wconf 81' lang='grc' dir='ltr'><em>ι’στη</em></span> <span class='ocrx_word' id='word_1_271' title='bbox 936 3393 1149 3449; x_wconf 86' lang='lat' dir='ltr'>autem</span> <span class='ocrx_word' id='word_1_272' title='bbox 1194 3383 1595 3450; x_wconf 88' lang='lat' dir='ltr'>Herodianus</span> <span class='ocrx_word' id='word_1_273' title='bbox 1637 3386 1676 3450; x_wconf 93' lang='grc'>1.</span> <span class='ocrx_word' id='word_1_274' title='bbox 1725 3403 1773 3451; x_wconf 92' lang='lat' dir='ltr'>c.</span> <span class='ocrx_word' id='word_1_275' title='bbox 1820 3387 1963 3451; x_wconf 92' lang='lat' dir='ltr'>cum</span> <span class='ocrx_word' id='word_1_276' title='bbox 2008 3386 2303 3453; x_wconf 84' lang='lat' dir='ltr'>Dorico‘</span> <span class='ocrx_word' id='word_1_277' title='bbox 2280 3385 2399 3475; x_wconf 81' lang='grc' dir='ltr'>όρη</span> <span class='ocrx_word' id='word_1_278' title='bbox 2446 3395 2562 3455; x_wconf 91' lang='lat' dir='ltr'>etc.</span> 
     </span>
     <span class='ocr_line' id='line_1_31' title="bbox 322 3486 2554 3578; baseline 0.002 -25"><span class='ocrx_word' id='word_1_279' title='bbox 322 3486 583 3568; x_wconf 72' lang='lat' dir='ltr'>confert,</span> <span class='ocrx_word' id='word_1_280' title='bbox 629 3506 745 3552; x_wconf 89' lang='lat' dir='ltr'>nec</span> <span class='ocrx_word' id='word_1_281' title='bbox 788 3492 1029 3567; x_wconf 89' lang='lat' dir='ltr'>tamen,</span> <span class='ocrx_word' id='word_1_282' title='bbox 1077 3492 1149 3552; x_wconf 88' lang='lat' dir='ltr'>ut</span> <span class='ocrx_word' id='word_1_283' title='bbox 1191 3487 1485 3569; x_wconf 89' lang='lat' dir='ltr'>equidem</span> <span class='ocrx_word' id='word_1_284' title='bbox 1528 3493 1710 3568; x_wconf 88' lang='lat' dir='ltr'>put0,</span> <span class='ocrx_word' id='word_1_285' title='bbox 1757 3489 2020 3554; x_wconf 88' lang='lat' dir='ltr'>verbum</span> <span class='ocrx_word' id='word_1_286' title='bbox 2064 3487 2249 3578; x_wconf 77' lang='grc' dir='ltr'><em>ἱστᾷν</em></span> <span class='ocrx_word' id='word_1_287' title='bbox 2280 3491 2554 3557; x_wconf 86' lang='lat' dir='ltr'>Homero</span> 
     </span>
     <span class='ocr_line' id='line_1_32' title="bbox 321 3590 2561 3672; baseline 0.002 -17"><span class='ocrx_word' id='word_1_288' title='bbox 321 3590 564 3670; x_wconf 83' lang='lat' dir='ltr'>tribuit,</span> <span class='ocrx_word' id='word_1_289' title='bbox 612 3591 727 3655; x_wconf 90' lang='lat' dir='ltr'>sed</span> <span class='ocrx_word' id='word_1_290' title='bbox 769 3591 1211 3672; x_wconf 89' lang='lat' dir='ltr'>imperativum</span> <span class='ocrx_word' id='word_1_291' title='bbox 1257 3591 1459 3656; x_wconf 88' lang='lat' dir='ltr'>solum</span> <span class='ocrx_word' id='word_1_292' title='bbox 1505 3591 1586 3655; x_wconf 90' lang='lat' dir='ltr'>ad</span> <span class='ocrx_word' id='word_1_293' title='bbox 1617 3592 1891 3672; x_wconf 89' lang='lat' dir='ltr'>speciem</span> <span class='ocrx_word' id='word_1_294' title='bbox 1936 3594 2071 3658; x_wconf 91' lang='lat' dir='ltr'>eius</span> <span class='ocrx_word' id='word_1_295' title='bbox 2110 3594 2326 3659; x_wconf 82' lang='lat' dir='ltr'>animo</span> <span class='ocrx_word' id='word_1_296' title='bbox 2369 3594 2561 3660; x_wconf 84' lang='lat' dir='ltr'>infor-</span> 
     </span>
     <span class='ocr_line' id='line_1_33' title="bbox 320 3694 2561 3777; baseline 0.002 -19"><span class='ocrx_word' id='word_1_297' title='bbox 320 3698 563 3758; x_wconf 85' lang='lat' dir='ltr'>matam</span> <span class='ocrx_word' id='word_1_298' title='bbox 608 3694 1108 3775; x_wconf 62' lang='lat' dir='ltr'>transmigrasse,</span> <span class='ocrx_word' id='word_1_299' title='bbox 1144 3694 1370 3759; x_wconf 87' lang='lat' dir='ltr'>sumsit</span> <span class='ocrx_word' id='word_1_300' title='bbox 1410 3694 1854 3760; x_wconf 89' lang='lat' dir='ltr'>terminatione</span> <span class='ocrx_word' id='word_1_301' title='bbox 1897 3696 2155 3777; x_wconf 87' lang='lat' dir='ltr'>propria</span> <span class='ocrx_word' id='word_1_302' title='bbox 2196 3698 2383 3763; x_wconf 71' lang='lat' dir='ltr'>modo</span> <span class='ocrx_word' id='word_1_303' title='bbox 2428 3716 2561 3763; x_wconf 90' lang='lat' dir='ltr'>ser-</span> 
     </span>
     <span class='ocr_line' id='line_1_34' title="bbox 318 3793 2560 3886; baseline 0.002 -26"><span class='ocrx_word' id='word_1_304' title='bbox 318 3800 496 3861; x_wconf 86' lang='lat' dir='ltr'>vata:</span> <span class='ocrx_word' id='word_1_305' title='bbox 544 3793 863 3875; x_wconf 73' lang='grc' dir='ltr'>καθίστα,</span> <span class='ocrx_word' id='word_1_306' title='bbox 909 3797 1096 3864; x_wconf 83' lang='grc' dir='ltr'>1110ᾱο</span> <span class='ocrx_word' id='word_1_307' title='bbox 1138 3797 1205 3866; x_wconf 89' lang='lat' dir='ltr'>in</span> <span class='ocrx_word' id='word_1_308' title='bbox 1248 3797 1545 3863; x_wconf 89' lang='lat' dir='ltr'>Doricam</span> <span class='ocrx_word' id='word_1_309' title='bbox 1589 3815 1919 3863; x_wconf 85' lang='lat' dir='ltr'>conversa:</span> <span class='ocrx_word' id='word_1_310' title='bbox 1948 3795 2133 3886; x_wconf 63' lang='grc' dir='ltr'>ἵστη.</span> <span class='ocrx_word' id='word_1_311' title='bbox 2205 3799 2413 3881; x_wconf 84' lang='lat' dir='ltr'>Atque</span> <span class='ocrx_word' id='word_1_312' title='bbox 2457 3801 2560 3866; x_wconf 88' lang='lat' dir='ltr'>hic</span> 
     </span>
     <span class='ocr_line' id='line_1_35' title="bbox 322 3897 2563 3983; baseline 0.004 -22"><span class='ocrx_word' id='word_1_313' title='bbox 322 3897 777 3979; x_wconf 90' lang='lat' dir='ltr'>metaplasmus</span> <span class='ocrx_word' id='word_1_314' title='bbox 844 3898 999 3963; x_wconf 90' lang='lat' dir='ltr'>mihi</span> <span class='ocrx_word' id='word_1_315' title='bbox 1053 3900 1435 3981; x_wconf 89' lang='lat' dir='ltr'>probabilior</span> <span class='ocrx_word' id='word_1_316' title='bbox 1501 3899 1751 3968; x_wconf 79' lang='lat' dir='ltr'>videtur</span> <span class='ocrx_word' id='word_1_317' title='bbox 1817 3918 2006 3981; x_wconf 90' lang='lat' dir='ltr'>quam</span> <span class='ocrx_word' id='word_1_318' title='bbox 2067 3920 2341 3983; x_wconf 89' lang='lat' dir='ltr'>apocope</span> <span class='ocrx_word' id='word_1_319' title='bbox 2386 3899 2563 3969; x_wconf 86' lang='lat' dir='ltr'>verbi</span> 
     </span>
     <span class='ocr_line' id='line_1_36' title="bbox 321 3997 2562 4083; baseline 0 -15"><span class='ocrx_word' id='word_1_320' title='bbox 321 3997 589 4080; x_wconf 76' lang='grc' dir='ltr'><em>ἱστάνω,</em></span> <span class='ocrx_word' id='word_1_321' title='bbox 634 4001 803 4081; x_wconf 90' lang='lat' dir='ltr'>quod</span> <span class='ocrx_word' id='word_1_322' title='bbox 848 4002 955 4067; x_wconf 90' lang='lat' dir='ltr'>diu</span> <span class='ocrx_word' id='word_1_323' title='bbox 1001 4007 1148 4083; x_wconf 85' lang='lat' dir='ltr'>post</span> <span class='ocrx_word' id='word_1_324' title='bbox 1167 4002 1515 4068; x_wconf 91' lang='lat' dir='ltr'>Homerum</span> <span class='ocrx_word' id='word_1_325' title='bbox 1558 4002 1834 4082; x_wconf 84' lang='lat' dir='ltr'>inolevit,</span> <span class='ocrx_word' id='word_1_326' title='bbox 1878 4005 2029 4069; x_wconf 88' lang='lat' dir='ltr'>licet</span> <span class='ocrx_word' id='word_1_327' title='bbox 2071 4005 2182 4070; x_wconf 90' lang='lat' dir='ltr'>illa</span> <span class='ocrx_word' id='word_1_328' title='bbox 2213 4005 2562 4070; x_wconf 87' lang='lat' dir='ltr'>Thierschii</span> 
     </span>
     <span class='ocr_line' id='line_1_37' title="bbox 323 4102 2558 4189; baseline 0 -20"><span class='ocrx_word' id='word_1_329' title='bbox 323 4102 621 4186; x_wconf 85' lang='lat' dir='ltr'>suffragio</span> <span class='ocrx_word' id='word_1_330' title='bbox 690 4105 1126 4170; x_wconf 89' lang='lat' dir='ltr'>commendata</span> <span class='ocrx_word' id='word_1_331' title='bbox 1192 4106 1276 4170; x_wconf 92' lang='lat' dir='ltr'>sit</span> <span class='ocrx_word' id='word_1_332' title='bbox 1338 4119 1609 4187; x_wconf 67' lang='lat' dir='ltr'>gramm:</span> <span class='ocrx_word' id='word_1_333' title='bbox 1669 4104 1703 4189; x_wconf 66' lang='grc' dir='ltr'>ξ</span> <span class='ocrx_word' id='word_1_334' title='bbox 1752 4104 1876 4169; x_wconf 85' lang='grc'>223</span> <span class='ocrx_word' id='word_1_335' title='bbox 1921 4124 1981 4186; x_wconf 90' lang='lat' dir='ltr'>p.</span> <span class='ocrx_word' id='word_1_336' title='bbox 2028 4104 2171 4171; x_wconf 88' lang='lat'><strong>336.</strong></span> <span class='ocrx_word' id='word_1_337' title='bbox 2206 4143 2277 4153; x_wconf 89' lang='lat'>—</span> <span class='ocrx_word' id='word_1_338' title='bbox 2315 4106 2558 4172; x_wconf 90' lang='lat' dir='ltr'>Eodem</span> 
     </span>
     <span class='ocr_line' id='line_1_38' title="bbox 324 4206 2558 4289; baseline 0 -18"><span class='ocrx_word' id='word_1_339' title='bbox 324 4206 771 4289; x_wconf 88' lang='lat' dir='ltr'>Moschopulus</span> <span class='ocrx_word' id='word_1_340' title='bbox 814 4208 884 4281; x_wconf 90' lang='lat' dir='ltr'>in</span> <span class='ocrx_word' id='word_1_341' title='bbox 911 4208 1139 4273; x_wconf 71' lang='lat' dir='ltr'>Anecd.</span> <span class='ocrx_word' id='word_1_342' title='bbox 1167 4207 1557 4272; x_wconf 89' lang='lat' dir='ltr'>Bachmanni</span> <span class='ocrx_word' id='word_1_343' title='bbox 1580 4207 1649 4272; x_wconf 91' lang='lat' dir='ltr'>T.</span> <span class='ocrx_word' id='word_1_344' title='bbox 1675 4206 1740 4272; x_wconf 88' lang='grc' dir='ltr'>ΙΙ</span> <span class='ocrx_word' id='word_1_345' title='bbox 1767 4206 1910 4272; x_wconf 86' lang='grc'>381.</span> <span class='ocrx_word' id='word_1_346' title='bbox 1937 4207 2018 4272; x_wconf 90' lang='lat'>30</span> <span class='ocrx_word' id='word_1_347' title='bbox 2061 4213 2319 4273; x_wconf 88' lang='lat' dir='ltr'>revocat</span> <span class='ocrx_word' id='word_1_348' title='bbox 2361 4208 2558 4288; x_wconf 91' lang='lat' dir='ltr'>impe-</span> 
     </span>
     <span class='ocr_line' id='line_1_39' title="bbox 323 4305 2558 4406; baseline 0.002 -33"><span class='ocrx_word' id='word_1_349' title='bbox 323 4310 558 4394; x_wconf 68' lang='lat' dir='ltr'>rativos</span> <span class='ocrx_word' id='word_1_350' title='bbox 582 4310 801 4376; x_wconf 82' lang='lat' dir='ltr'>aoristi</span> <span class='ocrx_word' id='word_1_351' title='bbox 830 4306 1082 4393; x_wconf 79' lang='grc' dir='ltr'><em>ἀνάβα</em></span> <span class='ocrx_word' id='word_1_352' title='bbox 1114 4310 1226 4376; x_wconf 83' lang='grc' dir='ltr'>καὶ</span> <span class='ocrx_word' id='word_1_353' title='bbox 1258 4310 1563 4391; x_wconf 75' lang='grc' dir='ltr'><em>κατάβα</em></span> <span class='ocrx_word' id='word_1_354' title='bbox 1610 4308 1747 4395; x_wconf 82' lang='grc' dir='ltr'>(καὶ</span> <span class='ocrx_word' id='word_1_355' title='bbox 1781 4310 2051 4406; x_wconf 74' lang='grc' dir='ltr'><em>ἐπίβα)</em></span> <span class='ocrx_word' id='word_1_356' title='bbox 2099 4312 2208 4375; x_wconf 76' lang='grc' dir='ltr'>καὶ</span> <span class='ocrx_word' id='word_1_357' title='bbox 2255 4305 2558 4376; x_wconf 78' lang='grc' dir='ltr'><em>ἀνάστα</em></span> 
     </span>
    </p>
   </div>
  </div>
 </body>
</html>
