2946 4928
71 450 102 495 ς
71 380 100 441 ,V‘
71 258 92 323 'r

325 389 338 403 ,
467 337 597 407 294
1225 336 1783 406 DISSERTATIO
1824 336 2000 406 VIII.

467 501 782 570 θυντικὸν
827 496 1072 587 doixosa
1115 501 1225 569 καὶ
1274 506 1442 568 κατὰ
1489 501 1859 589 συναλιφὴν
1891 496 2163 591 δάκρη,
2170 501 2406 582 ,ξανθὰ
2433 496 2713 590 ddquf‘

308 636 313 645 ·
358 675 379 694 κ
473 603 570 670 Τὸ
618 604 692 672 δὲ·
737 600 1055 692 δάκρυσιν
1098 600 1235 671 ἀπὸ
1281 612 1401 673 τοῦ
1447 602 1765 693 δακρύοις
1809 605 1978 671 κατὰ
2021 601 2521 689 μεταπλασμὸν.
2610 605 2713 671 Illi

468 707 806 788 singularis
848 707 1095 772 numeri
1139 725 1325 773 casus
1368 727 1409 773 a
1448 708 1754 775 technicis
1797 706 1930 774 ficti
1972 708 2174 774 videri
2235 712 2529 790 possunt,
2596 708 2712 773 sed

467 808 778 874 dubitatio
819 809 997 874 nulla
1038 809 1118 875 de
1161 810 1532 892 pluralibus.
1620 811 1758 877 Iam
1799 812 1866 876 in
1905 810 2052 876 EM.
2076 809 2220 891 246,
2265 812 2305 876 2
2350 812 2582 893 triplex
2610 811 2712 875 via

465 911 850 992 ostenditur,
918 908 1126 999 δάκρυ
1171 917 1285 978 aut
1325 914 1573 996 plurale
1619 932 1761 980 esse
1804 933 1920 996 pro
1966 909 2215 998 δάκρυα
2261 913 2431 979 κατὰ
2474 937 2709 997 συγκο-

463 1009 621 1101 πήν,
665 1013 731 1079 id
776 1018 877 1079 est
918 1032 1240 1097 apocopen
1281 1017 1534 1095 vocaIiS‚
1581 1023 1694 1081 aut
1716 1016 2033 1098 singulare
2071 1014 2253 1102 παρὰ
2303 1015 2381 1078 τὸ·
2427 1012 2708 1101 δάκρυσι

460 1112 706 1181 abrasis
750 1115 995 1181 duabus
1038 1117 1270 1196 literis3
1313 1119 1506 1183 tertia
1548 1117 1731 1185 haec:
1777 1117 1954 1185 ἔστιν
2001 1115 2138 1185 ἀπὸ
2165 1117 2486 1186 συνθέτου
2534 1118 2710 1198 λέξις

466 1211 668 1304 ἁπλῆ·
716 1215 858 1283 ἔστι
902 1217 1025 1303 γὰρ
1072 1214 1435 1307 ἇρίδακρυς
1478 1221 1590 1287 καὶ
1638 1217 2080 1307 πολύδακρυς·
2129 1216 2340 1298 οἷ’τως
2375 1216 2707 1304 (Ηρωδιω

462 1315 577 1394 νὸς
620 1316 773 1401 περὶ
821 1323 1087 1385 παθῶν.
1176 1320 1354 1387 Haec
1398 1327 1500 1388 est
1563 1321 1830 1390 mirifica
1891 1323 2003 1388 illa
2066 1323 2406 1388 anadrome
2473 1324 2612 1388 sive
2677 1341 2713 1387 a

462 1419 808 1501 composito
852 1422 936 1487 ad
980 1422 1245 1504 simplex
1288 1426 1634 1508 regressio,
1700 1444 1864 1509 quae
1906 1425 2236 1507 Apollonio
2301 1443 2555 1507 quoque
2623 1426 2712 1489 ita

462 1521 696 1601 arrisit,
741 1522 837 1586 ut‘
858 1521 1070 1591 στάδα
1117 1544 1194 1591 ex
1239 1519 1528 1594 εἶέσταδα
1576 1521 1795 1593 natum
1862 1529 2119 1594 diceret.
2168 1536 2185 1552 ‘
2227 1527 2431 1592 Multo
2497 1532 2714 1592 autem

461 1623 850 1689 assumtione
894 1625 1141 1707 dignior
1184 1633 1284 1693 est
1325 1630 1982 1696 metaschematismus
2036 1636 2103 1695 et
2165 1630 2353 1695 buius
2419 1628 2709 1695 vocabuli

457 1729 526 1791 et
554 1726 971 1793 consimilium
1013 1726 1220 1814 γήθυ
1262 1729 1538 1819 γήθυον,
1590 1729 1817 1799 δίκτυ
1863 1732 2142 1811 δίκτυον,
2190 1751 2554 1814 quanquam
2591 1731 2710 1795 hoc

459 1845 708 1909 quoque
751 1829 819 1894 in
861 1833 1350 1898 controversiam
1392 1835 1756 1900 adducitur:
1805 1834 1990 1921 παρὰ
2039 1835 2113 1899 τὸ
2162 1832 2423 1900 δίκτυον
2460 1832 2708 1917 γίνεται

457 1927 645 1996 dlxxv
690 1929 826 1996 κατ’
876 1928 1232 2017 ἀποκοπῆν
1272 1935 1417 2000 ΕΜ.
1467 1932 1594 2000 275
1640 1937 1742 2015 25,
1787 1954 1975 2017 quem
2021 1934 2259 2018 fugisse
2301 1936 2557 2001 videtur
2603 1937 2707 2002 da-

457 2031 644 2111 tivus
690 2051 816 2113 quo
860 2051 1112 2099 carmen
1157 2034 1503 2117 Orphicum
1546 2037 1919 2119 inscriptum
1963 2037 2159 2103 fuisse
2209 2037 2437 2103 Suidas
2484 2057 2532 2103 s.
2583 2044 2654 2102 Ν
2654 2064 2700 2102 ι·

457 2137 646 2211 σαῖος
688 2134 874 2200 docet
909 2131 1190 2222 Ὀρφεὺς
1237 2137 1304 2204 ἐν
1348 2137 1611 2221 Δίκτυϊ,
1659 2139 1733 2205 cf.
1757 2139 2063 2223 Aglaoph.
2110 2138 2254 2221 379,
2300 2139 2445 2205 465.
2474 2178 2548 2188 ·—
2583 2140 2705 2206 Sed

458 2252 774 2318 apocopae
817 2237 1083 2304 vinculis
1136 2241 1241 2305 vix
1306 2241 1496 2306 eximi
1562 2247 1777 2323 potest
1838 2262 1959 2308 vox
2003 2263 2044 2309 a
2083 2243 2336 2309 Phileta
2399 2242 2465 2308 in
2532 2241 2704 2307 exitu

455 2354 679 2404 versus
723 2330 1106 2420 pentametri
1149 2344 1453 2410 collocata
1498 2343 1581 2431 ἔρ
1598 2371 1639 2411 ι.
1730 2346 1808 2412 Id
1851 2347 1905 2412 si
1949 2347 2118 2428 apud
2139 2345 2488 2411 Homerum
2530 2346 2702 2426 lege-

458 2445 639 2510 retur
659 2441 824 2509 sicut
848 2444 944 2510 δῶ
988 2448 1056 2511 et
1097 2452 1221 2534 κρῖ,
1266 2446 1332 2511 in
1375 2447 1751 2515 incunabilis
1777 2449 2082 2515 sermonis
2116 2445 2344 2514 Graeci
2376 2447 2699 2530 negligen-

448 2545 583 2611 tius
627 2539 1047 2613 deformatum
1088 2549 1156 2614 in
1198 2549 1394 2626 vitae,
1410 2552 1814 2632 quotidianae
1849 2543 2236 2618 commerciis
2278 2551 2520 2615 occulte
2570 2568 2701 2615 ser-

455 2649 681 2730 psisse,
724 2648 1041 2717 Philetam
1085 2656 1300 2718 autem
1344 2651 1523 2718 hunc*
1556 2654 1740 2735 quasi
1781 2654 1945 2719 forte
1988 2654 2344 2735 neglectum
2378 2651 2623 2718 foetum
2665 2672 2699 2716 e

454 2751 734 2818 tenebris
757 2770 1055 2819 evocasse
1082 2754 1404 2822 dicerem·
1444 2753 1572 2821 Sed
1586 2760 1846 2839 propter
1883 2762 2097 2823 cetera
2115 2755 2689 2821 Alexandrinorum

452 2854 957 2935 periclitamenta
1001 2854 1219 2920 dubito
1263 2874 1345 2921 an
1384 2857 1494 2922 ille
1516 2857 1871 2939 glossarum
1896 2862 2158 2923 venator
2199 2858 2367 2923 idem
2413 2856 2532 2922 sibi
2554 2875 2698 2938 per-

452 2955 723 3035 miserit,
789 2955 957 3036 quod
1004 2956 1381 3023 Aristoteles
1426 2961 1812 3042 antiquiores
1857 2963 2080 3042 poetas
2127 2977 2314 3024 ausos
2367 2976 2510 3025 esse
2559 2977 2693 3025 cre-

453 3056 640 3136 didit,
707 3061 782 3121 ut
823 3056 1129 3138 syllabam
1173 3075 1213 3122 a
1254 3063 1485 3124 natura
1527 3060 1782 3127 infixam
1826 3063 1929 3127 vel
1980 3061 2170 3127 metri
2232 3060 2333 3125 vel
2398 3061 2696 3127 novitatis

453 3157 662 3241 gratia
704 3156 1025 3224 avelleret.
1112 3158 1493 3225 Aristoteles
1538 3162 1794 3243 quidem
1838 3163 1993 3245 ipse,
2040 3182 2233 3245 quum
2270 3164 2512 3229 diceret
2546 3164 2695 3241 tria,

321 3333 330 3338 ,
450 3280 576 3326 non
619 3260 909 3343 ampliuS,
954 3279 1095 3328 esse
1138 3262 1538 3328 substantiva
1578 3263 1663 3327 in
1686 3264 1818 3329 iota
1860 3266 2240 3331 desinentia:
2295 3262 2522 3348 κόμμι,
2574 3269 2692 3332 πέ-

450 3389 628 3452 περι,
672 3365 850 3449 μ,έλι
898 3365 1024 3430 duo
1046 3365 1329 3431 eiusdem
1351 3362 1442 3430 fili
1487 3364 1587 3458 ἔρι
1632 3371 1700 3431 et
1742 3362 1911 3456 α’λφι
1957 3374 2069 3434 aut
2102 3384 2225 3433 non
2248 3368 2405 3450 legit
2425 3369 2690 3466 omnino,

450 3470 563 3532 aut
604 3467 913 3532 lectorum
956 3466 1190 3532 oblitus
1234 3470 1350 3546 est,
1396 3474 1510 3533 aut
1553 3487 1592 3532 a
1635 3471 1841 3551 poetis
1884 3469 2194 3537 fabricata
2221 3471 2517 3554 putavit
2572 3472 2689 3536 Pe·-

436 3567 704 3651 'regrina
744 3567 1104 3633 huiusmodi
1145 3569 1419 3650 plurima
1481 3577 1656 3653 sunt,
1724 3592 1781 3637 v.
1824 3573 2052 3639 Parall.
2098 3573 2252 3651 2003
2318 3574 2431 3639 sed
2497 3590 2689 3639 unum

445 3671 602 3754 μέλι
644 3687 760 3752 pro
804 3667 1049 3736 Graeco
1091 3669 1388 3737 habetur:
1445 3671 1987 3764 παρατετήρηται
2027 3671 2540 3762 Ἀπολλοδώρῳ,
2586 3673 2687 3740 οτι

449 3768 643 3839 οὐδὲν
687 3766 893 3855 ὄνομα
940 3767 1290 3859 οὖδέτεροιν
1334 3769 1429 3851 εἷς
1467 3778 1517 3843 ἶ
1561 3773 1775 3862 λήγει,
1845 3773 1906 3843 εἷ
1948 3777 2039 3864 μὴ
2105 3773 2309 3858 μόνον
2371 3777 2446 3842 τὸ
2512 3778 2686 3860 μέλι,

444 3873 837 3957 Nicephorus
858 3874 950 3942 ait
970 3874 1038 3940 in
1063 3873 1283 3957 fragm.
1309 3875 1459 3943 Lex.
1484 3878 1565 3943 ab
1587 3878 1948 3945 Hermanno
1973 3878 2126 3944 editi
2150 3896 2201 3944 c.
2226 3876 2300 3943 31
2320 3898 2379 3961 p.
2394 3878 2678 3963 323*).-

584 4145 645 4212 ³¹²)
679 4144 846 4198 Adon-2
881 4146 1055 4208 „To‘ir
1089 4149 1166 4206 εἰς
1199 4134 1316 4203 ι-’ἓν
1346 4145 1529 4218 μόνον
1562 4144 2138 4222 ἅπαρασχημάτιστον,
2176 4146 2234 4204 τὸ
2278 4154 2454 4221 μέλι·
2510 4148 2567 4205 τὸ
2619 4147 2678 4203 δὲ

446 4227 805 4304 τρόφικατᾶ
841 4228 1155 4300 ἀποκοπὴν,
1189 4229 1251 4286 τὸ
1304 4240 1416 4307 κρῖ
1464 4237 1557 4288 καὶ
1612 4229 1776 4305 ἄλφι
1830 4236 1891 4288 ἐκ
1926 4231 2158 4302 ruilione,
2193 4233 2254 4291 τὸ
2309 4242 2535 4304 atrum
2588 4236 2677 4287 καὶ

447 4321 698 4388 πέπερι
736 4313 837 4388 οὐχ
872 4315 1124 4387 ἑλληνικά
1159 4322 1333 4376 ctam.
1367 4322 1468 4376 An.
1507 4323 1604 4377 Ox.
1637 4323 1715 4376 lv
1749 4320 1869 4378 3:38.
1905 4316 1992 4377 δ”.
