2946 4928
415 311 542 377 322
798 304 1223 375 EPILOGUS
1268 304 1382 372 DE
1425 300 2174 388 INTERPUNC'IJONE
2219 298 2400 367 CUM

412 473 574 540 Plat.
621 471 752 538 Giv.
775 471 840 537 Π
872 469 998 537 363
1022 470 1077 534 Β
1124 463 1277 547 ῗίΐες,
1323 468 1546 556 φησὶν,
1593 465 2141 553 καταβεβρίθασι,
2190 463 2360 545 quod
2405 460 2670 527 Schnei-

414 578 607 641 derus
650 594 775 641 non
820 573 1132 655 repudiat.
1202 569 1271 636 Si
1313 588 1461 636 vero
1508 584 1899 636 communem
1943 586 2130 644 usum
2174 566 2514 647 sequimur,
2558 564 2675 628 illa

416 698 553 760 non⁶
584 678 771 743 aliter
816 675 1149 741 scribenda
1193 677 1371 753 sunt,
1438 692 1632 755 quam
1694 674 1750 738 si
1793 671 1967 737 nulla
2010 675 2184 734 esset
2225 667 2709 749 interpunctios

412 782 534 846 hoc
578 786 679 845 est
720 799 804 862 ny
849 784 997 843 ante
1043 787 1359 841 consonas
1395 776 1645 840 omisso.

549 883 790 948 Verum
809 880 995 961 longe
1021 876 1333 944 difficilior
1358 883 1457 942 est
1478 878 1590 943 illa
1630 877 1935 959 quaestio,
1980 892 2132 939 num
2175 875 2549 938 accentus
2593 873 2673 936 in

416 1003 600 1066 pare
613 983 752 1048 nth
765 1002 800 1049 e
816 984 880 1048 si
904 983 1065 1047 alius
1087 979 1415 1062 ponendus
1440 979 1525 1043 sit
1546 998 1735 1060 quam
1758 984 1938 1045 extra
1951 995 2108 1042 eam.
2153 975 2549 1040 Facillimum
2571 979 2678 1038 est

432 1086 953 1168 interpunctionis
979 1085 1159 1165 signa
1168 1082 1446 1163 undique
1467 1081 1713 1157 tollere,
1741 1099 1866 1163 quo
1889 1079 2054 1145 facto
2078 1078 2328 1144 enclisis
2352 1077 2678 1143 ordinaria

419 1190 715 1258 succedit.
771 1185 872 1251 Sic
893 1185 1224 1249 Bekkerus
1248 1183 1398 1249 fecit
1419 1182 1746 1249 Demosth.
1771 1182 2081 1249 Gor.235.
2112 1180 2230 1246 113
2258 1178 2430 1263 (264.
2461 1178 2536 1243 11
2564 1180 2673 1259 R.)

418 1287 736 1379 ἐπῄνεσεν
749 1286 949 1354 αὐτόν
963 1311 1163 1375 φησιν
1176 1284 1556 1374 (Αἰσχίνης)
1574 1282 1838 1352 bned-91>
1825 1311 1974 1368 ›·‚vm
2004 1290 2071 1349 et
2092 1302 2235 1349 cum
2258 1282 2681 1362 eolnonpauci

422 1394 569 1458 alii.
594 1391 721 1457 Sed
740 1391 860 1457 hoc
880 1392 1064 1457 modo
1089 1408 1313 1457 sensus
1340 1408 1531 1471 saepe
1556 1388 1887 1470 ambiguus
1907 1388 2214 1466 redditur,
2261 1386 2338 1450 de
2360 1403 2484 1466 quo
2507 1382 2682 1448 infra.

422 1495 645 1564 dicam.
701 1495 992 1562 Retentis
1036 1513 1188 1562 vero
1230 1494 1360 1560 illis
1402 1492 1484 1560 de
1527 1497 1793 1558 accentu
1837 1491 2177 1571 ambigitur
2217 1489 2491 1569 primum
2536 1488 2683 1556 eius

424 1599 613 1678 vociS‚
662 1615 825 1678 quae
868 1597 934 1660 in
977 1594 1344 1676 parenthesi
1387 1595 1597 1674 posita
1640 1599 1771 1674 est,
1816 1599 1955 1658 tum
1999 1610 2246 1671 earum,
2302 1607 2465 1671 quae
2506 1590 2681 1653 hanc

422 1701 704 1782 proxime
763 1700 864 1765 vel
909 1698 1292 1763 antecedunt
1344 1697 1445 1761 vel
1490 1700 1859 1777 sequuntur.
1946 1693 2486 1776 Frequentissime
2531 1709 2680 1756 ver-

422 1802 574 1867 bum
620 1826 673 1890 φ
688 1827 725 1889 η
737 1801 827 1883 μί
872 1805 1199 1866 accentum
1224 1818 1408 1864 suum
1451 1800 1724 1864 remittit
1766 1800 1831 1864 in
1853 1797 2244 1876 vocabulum,
2289 1795 2459 1876 quod
2493 1800 2676 1859 ante·

424 1905 621 1982 cedit,
690 1904 998 1985 quamvis
1032 1907 1340 1967 commate
1400 1906 1798 1981 separatum:
1869 1899 2195 1977 πολλάκις
2261 1895 2413 1983 γάρ,
2483 1920 2679 1984 φησι,

424 2013 615 2071 τοῦτο
666 2039 739 2054 -ψ-
788 2004 1009 2068 Liban.
1055 2003 1332 2068 Declam.
1380 2004 1451 2068 Te
1494 2003 1528 2068 I
1577 2003 1728 2083 191,
1760 2003 1871 2067 οτὸ
1918 2006 2192 2088 πρᾶγμα
2240 1996 2435 2079 mirei,
2483 2023 2677 2085 φησι,

428 2105 631 2185 δείξει
676 2106 899 2170 Iulian.
946 2106 1062 2186 Ep.
1107 2105 1257 2169 LIX
1307 2105 1457 2185 112,
1527 2102 1954 2190 προσώφειλε
2022 2099 2409 2191 τριάκοντά,
2479 2125 2674 2188 φασι,

429 2206 727 2293 δραχμάς
768 2209 1025 2278 Lucian.
1071 2208 1151 2272 de
1197 2206 1415 2273 Sacris.
1462 2210 1499 2293 g
1543 2207 1615 2272 4
1628 2228 1688 2290 p.
1735 2207 1861 2282 308
1907 2205 1976 2271 Τ.
2010 2205 2059 2285 Ι,
2106 2203 2433 2281 Μίκυλλέ,
2483 2228 2677 2293 φησι,

427 2309 765 2395 θυγατρὸς
814 2345 886 2356 —-·
939 2308 1148 2375 Somn.
1197 2328 1245 2375 S.
1294 2309 1456 2375 Gall.
1503 2310 1624 2394 §9
1670 2329 1730 2391 p.
1783 2310 1853 2374 11
1906 2308 1975 2373 Τ.
2020 2308 2147 2388 ΙΠ,
2218 2305 2372 2391 ἐγώ,
2445 2331 2676 2393 φησιν,

428 2407 583 2495 {fir
630 2408 822 2478 δώσω
868 2412 1091 2477 Aesch.
1137 2430 1188 2478 c.
1236 2411 1406 2478 Ctes.
1454 2411 1598 2479 633.
1649 2417 1679 2477 1
1732 2409 1904 2496 (464.
1950 2408 2077 2475 238
2121 2409 2381 2492 Bekk.,)
2439 2409 2553 2474 sed
2606 2408 2679 2473 in

425 2514 488 2578 h.
532 2513 572 2578 l.
640 2518 710 2577 et
761 2514 931 2594 apud
973 2514 1321 2580 Lucianum
1377 2532 1544 2579 nunc
1599 2532 1752 2578 suus
1806 2513 2001 2578 verbo
2045 2518 2342 2578 accentus
2386 2512 2681 2577 redditus

395 2621 545 2687 est.
633 2616 722 2679 Et
784 2616 887 2680 hic
950 2618 1204 2697 quidem
1269 2619 1335 2682 in
1379 2615 1760 2687 editionibus
1819 2615 2277 2696 antiquioribus
2319 2614 2531 2696 gravis
2575 2608 2680 2678 est

428 2723 504 2785 ut
522 2720 590 2783 in
612 2736 902 2784 sermone
924 2720 1315 2785 continuato:
1363 2725 1585 2798 ταῦτα,
1633 2718 1824 2802 φημὶ,
1873 2712 1964 2795 ὡς
1987 2715 2394 2800 θεόπεμπτα
2419 2715 2678 2782 ἔσπασε

429 2820 689 2902 Longin.
734 2820 1006 2885 XXXIV
1058 2821 1195 2886 122.
1243 2811 1302 2900 4,
1351 2821 1496 2906 ἐγώ,
1549 2820 1766 2907 φησὶν,
1812 2811 1978 2906 ᾖδον
2020 2819 2261 2884 Himer.
2291 2819 2425 2884 Ecl.
2455 2818 2680 2883 XXIII

431 2922 577 3002 280,
625 2919 814 3002 ἀλλὰ,
865 2924 1088 3009 φησὶν,
1137 2923 1453 3008 ἐλευθέρα
1502 2922 1739 2987 Char-it.
1771 2921 1912 2986 V7.
1963 2920 2101 3001 120,
2150 2918 2435 3008 ἐμαυτῷ,
2484 2919 2675 3007 φαμὶ,

433 3024 545 3089 καὶ
590 3028 735 3100 ταῖς
786 3023 1099 3101 Μούσαις
1144 3019 1288 3112 ᾄδω
1335 3026 1639 3090 Themist.
1674 3024 1781 3090 Or.
1805 3024 1987 3089 XXX
2012 3022 2137 3088 366
2164 3023 2231 3088 C.
2259 3021 2414 3106 (442
2437 3023 2678 3105 Dind.),

436 3119 581 3204 α’ξει
629 3147 767 3199 σοι,
829 3125 1060 3212 φησὶν,
1121 3123 1332 3193 εἰκοσι
1378 3128 1543 3192 Plut.
1587 3146 1644 3192 v.
1692 3125 1872 3190 Dem.
1916 3122 2097 3190 XXV
2147 3123 2242 3206 16,
2308 3144 2450 3192 nec
2470 3131 2683 3191 mutat

434 3227 712 3292 Sintenis
754 3245 814 3308 p
860 3225 986 3294 533
1032 3227 1101 3292 T.
1146 3228 1208 3307 13
1275 3211 1389 3294 sed
1441 3229 1731 3309 plerique
1782 3245 1949 3291 nunc
1993 3231 2245 3292 acutum
2289 3228 2681 3309 praeferunt,

432 3331 608 3395 velut
649 3329 982 3396 Jacobsius
1024 3330 1092 3394 in
1134 3329 1768 3411 Philostr.1magg.1
1814 3330 1871 3393 7.
1922 3328 2018 3393 14.
2064 3330 2105 3392 2
2149 3335 2268 3396 τοῦ
2272 3357 2378 3396 τοι
2422 3330 2679 3410 κτείνει,

436 3431 659 3519 φασίν,
706 3428 758 3496 ὃ.
791 3437 910 3498 τοῦ
957 3433 1259 3515 Πηλέως,
1307 3434 1694 3499 Jacobitzius
1738 3434 1805 3497 in
1847 3431 2106 3496 Lucian.
2151 3431 2333 3498 Deor.
2364 3433 2548 3499 Conc.
2574 3435 2610 3518 ς
2637 3433 2679 3497 3

433 3554 493 3616 p.
539 3533 665 3599 576
712 3535 781 3598 Τ.
826 3533 892 3597 II
937 3535 1181 3600 πολλοὶ
1227 3532 1375 3621 γάρ,
1424 3533 1647 3623 φημί,
1700 3531 1819 3601 οὐκ
1877 3529 2296 3619 ἀγαπῶντες,
2364 3534 2682 3617 Bergkius

435 3636 627 3700 Arist.
671 3634 871 3707 Rann.
924 3634 1086 3703 1156
1155 3633 1290 3722 ἥκω
1336 3637 1459 3724 γὰρ
1506 3633 1601 3714 εἷς
1643 3641 1786 3724 γῆν,
1853 3636 2044 3724 φησί,
2101 3637 2212 3703 καὶ
2258 3640 2679 3722 κατέρχωμαι,

435 3737 794 3804 Meinekius
838 3739 904 3803 in
947 3738 1225 3818 Alciphr.
1269 3738 1304 3803 I
1344 3738 1463 3819 Ep.
1496 3736 1577 3803 39
1622 3758 1682 3820 p.
1707 3737 1791 3804 26
1837 3737 2078 3805 σκόπει
2123 3739 2198 3804 τὸ
2241 3743 2494 3826 χρῶμα,
2544 3763 2681 3826 φη-

438 3839 565 3919 σίν,
615 3836 706 3918 ὡς
750 3836 1018 3927 ἀκριβές
1063 3845 1129 3904 et
1169 3838 1451 3921 proxime
1496 3843 1645 3904 ante
1691 3838 1840 3925 ἐγώ,
1887 3838 2108 3928 φησίν,
2160 3838 2568 3926 ἀγωνιοῦμαι
2596 3841 2680 3918 *).

439 3943 712 4008 Tantum
758 3943 837 4006 de
880 3941 1203 4008 vocabulis
1244 3942 1310 4006 in
1352 3943 1720 4023 parenthesi
1763 3943 2004 4024 positis,

578 4181 637 4245 ³⁸)
676 4180 748 4234 In
779 4198 945 4234 vacua
969 4200 1097 4250 pay.
1132 4183 1402 4251 adscripta
1473 4178 1676 4252 ,,βαρύ,
1714 4197 1915 4252 φησιν,
1961 4171 2102 4250 ἆρον
2136 4179 2294 4236 αὐτό·
2348 4180 2376 4236 ὃ
2413 4182 2464 4236 <5²
2487 4177 2679 4253 Ἔρως,

442 4266 515 4337 ἔχ’
567 4262 726 4333 αὐτό,
783 4283 956 4337 φησιν
990 4271 1186 4325 Anser.
1220 4271 1307 4323 Od
1353 4267 1441 4325 29.
1480 4266 1548 4324 16
1583 4266 1670 4334 [27
1705 4269 1758 4322 Α.
1786 4269 1977 4337 Bergk.
2016 4268 2133 4336 11];
2187 4264 2217 4321 ὁ
2262 4267 2311 4321 δ’
2345 4262 2542 4340 Ἔρως,
2585 4264 2683 4322 ἄν·

2892 3816 2898 3899 Ι
