2946 4928
580 347 917 415 ENcmsI
962 318 1073 413 ΕΤ
1119 347 1411 414 sYNAL.
1466 347 1968 414 comunem.
2058 350 2095 433 g
2140 349 2197 415 3.
2392 348 2512 425 331
2555 410 2569 416 ι

268 512 552 596 λογιστὰ
650 507 991 579 Οὐλπιανέ
1065 512 1218 577 XIV
1303 510 1427 578 649
1504 512 1600 591 Β,
1695 503 1748 576 ὦ
1837 510 2001 578 καλέ
2086 537 2218 595 μου
2297 509 2516 597 ἑταῖρε

264 616 395 680 XV
441 612 566 697 698
610 615 684 680 Α.
775 614 845 679 Si
887 633 1035 696 ,qua
1098 614 1292 696 igitur
1352 613 1603 695 obrepit
1670 614 2050 696 ambiguitas
2118 614 2432 681 evitabilis
2445 616 2518 696 ο),

264 722 387 782 aut
431 716 486 781 si
528 735 648 782 vox
690 716 1003 798 quaedam
1027 735 1244 798 ›supra
1289 723 1532 783 ceteras
1575 718 1940 784 notabiliter
1985 718 2220 781 eminet
2270 723 2344 782 ut
2407 737 2516 783 vo-

265 819 482 899 cativi,
525 819 902 900 imperativi,
948 818 1416 885 interiectiones
1442 827 1589 908 φεῦ,
1641 824 1873 885 παπαῖ
1904 825 2039 898 etc.‚
2064 819 2516 900 interpunctio-

261 939 420 985 nem
462 922 673 1002 potius
694 920 1169 1001 exprimendam
1211 927 1365 1003 puto
1409 942 1599 1004 quam
1627 922 1907 1002 enclisin,
1955 922 2131 987 cuius
2176 922 2339 987 ratio
2367 915 2514 1001 per-

261 1043 463 1107 quam
529 1022 720 1090 fallax
793 1028 860 1089 et
923 1024 1257 1089 instabilis,
1386 1024 1551 1089 Nam
1627 1028 2140 1106 praeceptorum,
2222 1043 2384 1106 quae
2449 1024 2517 1089 in

259 1126 505 1191 nostris
574 1125 954 1208 compendiis
999 1127 1338 1191 traduntur
1356 1175 1373 1206 ,
1439 1129 1542 1193 vix
1585 1127 1783 1192 ullum
1851 1125 1917 1189 in
1962 1125 2349 1199 editionibus,
2406 1126 2515 1193 ob-

261 1234 579 1309 servatur,
627 1234 693 1294 et
736 1228 814 1294 de
861 1229 1284 1310 compluribus
1330 1231 1725 1312 grammatici
1768 1229 1892 1311 ipsi
1935 1229 2100 1294 inter
2144 1248 2213 1294 se
2257 1248 2514 1313 magno-

259 1350 421 1414 pere
478 1332 802 1397 dissident.
1259 1320 1265 1324 ’
1393 1325 1409 1331 “

438 1435 581 1499 Huc
624 1440 837 1500 autem
881 1435 1183 1500 excedere
1207 1435 1405 1499 coacti
1438 1433 1808 1499 intricamur
1846 1436 2327 1516 quaestiuncula
2370 1458 2514 1520 per-

255 1537 459 1618 tenui,
507 1538 621 1602 sed
658 1556 821 1619 quae
844 1539 1022 1605 nobis
1054 1537 1294 1603 Graece
1318 1537 1739 1603 scribentibus
1763 1538 1854 1601 ita
1900 1538 2120 1604 crebro
2165 1539 2400 1620 incidit,
2445 1548 2518 1607 ut

254 1640 743 1720 praeteririnon
765 1642 983 1723 possit,
1024 1642 1112 1705 de
1158 1644 1487 1704 accentu
1530 1639 2086 1705 encliticarum
2132 1642 2516 1708 interclu-

255 1742 545 1806 sionem
591 1741 1255 1823 subsequentium.
1299 1741 1374 1806 In
1394 1741 1771 1807 editionibus
1795 1743 2270 1825 antiquioribus,
2306 1751 2379 1811 ut
2411 1766 2516 1812 su-

254 1864 377 1935 pra
396 1845 665 1925 ostendi,
708 1864 1016 1927 persaepe
1038 1844 1392 1926 negligitur.
1436 1844 1672 1926 Figura
1693 1847 1901 1925 gravis
1924 1846 2124 1911 utitur
2146 1846 2519 1933 Bernhardy

258 1945 438 2028 Synt.
488 1946 643 2011 275·
693 1952 973 2014 παῦσαι·
1015 1947 1100 2031 μὲ
1144 1949 1234 2032 μὴ
1282 1942 1526 2028 κάκιζε.
1661 1946 1749 2011 Et
1814 1947 1905 2012 Sic
1968 1949 2157 2031 Vulgo
2224 1951 2519 2018 scribitur

251 2047 422 2114 Plut.
472 2047 661 2114 Gonv.
710 2049 856 2131 Sap.
901 2049 969 2116 II
1016 2047 1219 2114 146E
1267 2046 1548 2135 ἕρμαιον
1593 2047 1669 2114 τὸ
1714 2046 2003 2133 βιβλίον,
2053 2048 2202 2138 ἔφη,
2251 2052 2362 2158 μοι’
2409 2055 2515 2138 γέ·-

255 2174 407 2235 yon·
428 2151 525 2233 ¹⁰).
636 2151 755 2217 His
822 2153 1266 2217 convenienter
1310 2150 1719 2217 Hermannus
1787 2153 1854 2217 in
1920 2154 2228 2234 principio
2292 2176 2514 2224 versus

258 2250 543 2334 Choeph.
569 2252 695 2319 640
720 2252 821 2333 τίς
865 2251 1113 2321 ἔνδον’
1084 2281 1152 2321 εν
1178 2249 1445 2336 δόμοιςς
1497 2271 1640 2318 cum
1661 2234 1917 2321 Robert.
1942 2258 2251 2324 mutavit
2233 2279 2297 2323 111
2324 2262 2423 2339 τῖς
2449 2267 2515 2327 et

256 2371 452 2438 saepe
498 2355 649 2420 alibi
690 2362 988 2424 neutrum
1033 2357 1094 2423 τί
1140 2356 1523 2422 sententiam
1568 2358 1931 2423 exordiens:
1996 2359 2059 2426 τὶ
2115 2364 2244 2426 τῶν
2303 2357 2510 2429 ἀπόν-

253 2481 383 2521 των
435 2495 508 2504 --
538 2507 554 2538 ‚
637 2457 698 2524 τὶ
745 2454 885 2547 δῆτ’.
932 2455 1015 2527 ἔτ’
1064 2455 1218 2552 ἡμῖν
1268 2497 1338 2506 -
1368 2509 1384 2539 ,
1455 2460 1625 2541 quod
1676 2460 1960 2545 plerique
2003 2463 2388 2548 improbant,
2455 2490 2520 2536 v..

250 2557 540 2654 Ellendt..
581 2559 729 2625 Lex.
779 2561 964 2644 Soph.
1031 2562 1098 2628 T.
1144 2562 1208 2626 H
1253 2561 1396 2626 825.
1486 2561 1708 2645 Neque
1754 2565 1942 2630 aliter
1985 2565 2379 2635 indefinitum
2433 2574 2512 2638 ab

254 2659 711 2742 interrogativo
757 2665 1062 2746 distingui
1121 2669 1349 2745 potest.
1440 2662 1568 2729 Sed
1610 2665 1779 2730 idem
1821 2666 1951 2732 Ion.
1998 2668 2125 2733 578
2171 2673 2420 2754 scripsit
2456 2669 2509 2739 ὦ

248 2768 482 2848 μῆτερ,
553 2760 708 2829 πότ’-
747 2758 879 2850 ἆρα
926 2762 981 2831 0³
1034 2759 1330 2855 ἷῖψομαις
1377 2768 1459 2832 ad
1504 2766 1980 2850 significandum
2025 2764 2156 2858 ἆρά
2204 2800 2397 2857 ποτε,
2443 2786 2531 2844 ’6313κ

254 2864 614 2931 Boeckhius
658 2868 738 2932 ad
783 2868 957 2932 Pind.
1003 2868 1182 2935 Nem.
1228 2869 1319 2933 VI
1363 2869 1446 2934 47
1493 2871 1559 2934 in
1605 2870 1784 2936 Dem.
1834 2890 1883 2937 c.
1929 2873 2177 2940 Phorm.
2234 2874 2377 2944 959.
2425 2882 2508 2947 24

258 2961 426 3055 ὁρᾷς
468 2967 582 3032 τὸν
623 2963 1039 3053 Ἀθκῖλθκονς
1090 2968 1237 3036 ποτ’
1289 2965 1455 3055 εἶχεν
1492 2969 1697 3059 ἀγρὸν
1738 3010 1824 3020 -—
1874 2977 2291 3045 coniunctioni
2322 2989 2509 3050 atono

255 3070 505 3136 addidit
547 3077 844 3137 accentus
886 3078 1101 3138 notam
1146 3076 1547 3142 dextrorsum
1591 3077 1974 3143 inclinatam.
2064 3080 2139 3145 ln
2164 3081 2258 3148 Ol..
2279 3085 2312 3148 I
2341 3085 2437 3151 13.
2469 3087 2508 3151 6

257 3189 373 3250 pro
414 3173 674 3255 vulgato
715 3171 781 3239 τί
827 3169 962 3255 οὖν,
1013 3169 1091 3240 ὅν
1137 3202 1237 3258 τις
1262 3175 1465 3259 εἴποι,
1515 3183 1723 3261 ταῦτα
1766 3179 2011 3266 λέγειςς
2054 3183 2386 3252 Bekkerus
2408 3209 2508 3255 re-

398 3428 453 3493 9)
491 3431 818 3483 Inevitabilis
856 3439 937 3485 est
971 3435 1024 3484 in
1049 3435 1331 3487 Homerico
1365 3436 1513 3488 loco:
1552 3438 1601 3488 εἰ
1635 3434 1709 3488 δ’
1723 3429 1827 3504 ὅγε
1861 3455 1959 3500 μοι
1997 3434 2122 3493 τόδε
2158 3442 2296 3506 εἰπέ,
2336 3449 2507 3499 nesci-

258 3529 373 3566 mus
411 3519 579 3582 enim,
617 3534 721 3583 quo
754 3517 873 3569 loco
911 3525 1069 3593 poeta
1103 3521 1405 3589 interpungi
1438 3522 1695 3588 voluerit,
1730 3540 1857 3576 num
1891 3531 2012 3592 post
2045 3543 2164 3594 aye,
2204 3532 2281 3580 sic
2314 3537 2376 3583 ut
2408 3551 2507 3600 μοι

260 3601 387 3652 εῖπέ
416 3618 510 3668 per
545 3603 877 3668 hyperbaton
912 3608 1220 3672 accipiatur,
1280 3624 1347 3658 an
1387 3624 1489 3675 aye
1525 3626 1626 3667 μοι
1661 3611 1992 3663 coniunxerit
2024 3619 2083 3664 ut
2118 3612 2316 3684 δεῦρό
2317 3634 2416 3683 μοι
2450 3620 2505 3669 in

257 3684 395 3740 Mus.
433 3686 749 3742 carm.2‹18.
819 3691 891 3741 Et
925 3693 1069 3757 quod
1106 3693 1416 3745 Aristoteles
1452 3695 1583 3746 dicit
1616 3695 1769 3750 Rhet.
1805 3697 1864 3748 111
1898 3696 1968 3750 50
2003 3692 2068 3750 τὰ
2105 3700 2200 3752 τοῦ
2228 3696 2505 3770 Ἡρακλεί-

260 3785 353 3820 του
384 3768 633 3839 χαλεπὸν
671 3772 940 3835 danorii-'at
979 3774 1070 3829 διὰ
1108 3774 1165 3829 τὸ
1203 3773 1411 3843 ἄδηλον
1447 3773 1586 3832 εἶναι
1626 3784 1839 3852 ποτέρῳ
1877 3778 2183 3850 ὑπόκειται,
2236 3789 2310 3854 τῷ
2344 3783 2503 3842 ὕστε-

201 3892 207 3898 -
265 3871 365 3923 ρον
401 3851 433 3923 ἢ
470 3859 542 3925 τῷ
580 3856 868 3928 πρότερον,
908 3864 973 3914 de
1006 3865 1205 3930 multis,
1241 3872 1383 3932 puto,
1419 3867 1539 3925 aliis
1576 3867 1679 3917 dici
1711 3869 1897 3933 potuit.

399 3977 567 4030 Adam
606 3980 871 4043 „,Demetr
914 3982 977 4033 de
1012 3982 1512 4039 E100.0.192.78
1549 3988 1809 4053 asyndeta
1843 3989 2149 4044 Heracliti“.
2219 3994 2307 4046 Ad
2347 3997 2503 4048 imer-

259 4059 490 4116 iectionee
523 4073 572 4117 et
604 4066 849 4119 vocatives
884 4075 930 4118 et
963 4069 1282 4135 imperativoe
1307 4072 1533 4137 pertinet
1566 4071 1678 4123 hoc.-
1724 4091 1903 4140 „quae
1927 4083 2104 4141 partes
2140 4080 2338 4132 hiatum
2365 4099 2502 4148 ‚quo-

262 4162 362 4211 que
395 4149 644 4203 facillime
677 4151 868 4215 ferunt,
905 4169 952 4203 v.
992 4154 1180 4207 Matth.
1214 4174 1266 4222 p.
1305 4155 1404 4209 131
1445 4157 1963 4223 sq„Meh1h.103.“

355 4266 486 4331 10)
522 4269 586 4320 In
622 4271 851 4321 dictione
899 4275 1180 4325 continenti
1233 4276 1523 4342 Tryphiod.
1561 4274 1663 4329 405
1716 4270 1791 4345 ὅᾳ
1798 4281 1917 4331 ελέν
1974 4300 2050 4340 τις
2084 4313 2149 4321 -
2154 4282 2369 4357 ὀλξσαι
2427 4296 2501 4353 με

261 4349 354 4398 καὶ
389 4349 557 4420 αὐτήν
592 4355 925 4422 Schaeferus‚
962 4365 1215 4424 quantum
1253 4377 1315 4412 ex
1353 4363 1644 4417 Wernickii
1677 4367 1853 4420 verbis
1887 4368 2156 4437 intelligo,
2210 4384 2499 4437 pronomen
