2946 4928
797 1035 808 1041 ’
923 1041 1056 1122 De
1121 1024 1518 1151 epithetis
1583 1028 1951 1133 otiosis‘„

1220 1264 1564 1273 ———-—-.—-——-

305 1396 528 1512 Nuper
569 1449 763 1512 quum
805 1434 871 1498 in
916 1432 1145 1498 scholis
1187 1431 1484 1515 publicis‘
1514 1427 2067 1517 schematologiam
2131 1448 2546 1513 proponerem

289 1538 680 1615 ‘partemque
724 1539 1065 1600 tractarem
1109 1553 1250 1601 eam
1293 1554 1456 1618 quae
1515 1555 1681 1625 nunc
1748 1535 1823 1600 de
1867 1534 2261 1622 appositione
2322 1534 2543 1598 inscri-

236 1686 243 1695 .
301 1635 492 1716 bitur,
538 1654 663 1701 non
706 1638 889 1704 omisi
932 1657 1159 1707 nomen
1201 1638 1392 1704 hoc‘ce
1416 1641 1587 1721 apud
1608 1644 1857 1705 veteres
1879 1640 2079 1704 multo
2121 1637 2317 1703 alium
2358 1635 2545 1700 intel·
2604 1639 2610 1644 ’

301 1739 538 1805 lectum
582 1739 817 1806 habere
864 1746 1056 1822 atque
1101 1743 1395 1826 apposita
1440 1743 1521 1808 ab
1564 1744 1645 1809 iis
1688 1742 1812 1808 dici
1857 1742 2139 1824 epitheta
2180 1739 2246 1804 id
2289 1743 2391 1803 est
2433 1738 2545 1803 ad-

301 1843 548 1909 iectiva.
636 1843 815 1908 Haec
856 1845 1010 1908 data
1051 1845 1376 1910 occasione
1421 1845 1605 1926 quasi
1657 1844 2022 1926 appendicis
2063 1842 2200 1908 loco
2243 1840 2546 1906 tractabi-

303 1963 445 2009 mus
493 1963 619 2010 non
664 1946 957 2010 universe
973 1946 1207 2028 'neque
1253 1947 1345 2012 sic
1388 1952 1462 2012 ut
1499 1945 1624 2012 viri
1668 1946 1917 2026 eruditi,
1984 1945 2093 2027 qui
2135 1944 2235 2013 his
2278 1944 2544 2022 novissi-

303 2048 426 2112 mis
472 2048 654 2112 annis
697 2046 864 2112 hunc
905 2048 1113 2113 locum
1156 2049 1339 2115 docte
1384 2050 1666 2139 sciteque
1710 2047 2041 2129 exsequuti
2084 2051 2248 2127 sunt,
2295 2047 2545 2143 sedlac-

308 2151 699 2216 commodate
745 2150 828 2215 ad
870 2156 1121 2216 nostras
1165 2153 1443 2217 rationes
1495 2152 1657 2218 nulli
1698 2151 1950 2216 illorum
1992 2148 2367 2233 propositas.

475 2253 761 2318 Primum
787 2252 1236 2349 constituimus
1272 2256 1398 2320 duo
1420 2247 1844 2336 epithe'torum
1867 2258 2141 2334 genera,-
2162 2270 2359 2316 unum
2401 2270 2545 2333 pro-

303 2356 603 2437 priorum,
652 2356 923 2420 alterum
968 2357 1407 2422 communium.
1498 2358 1601 2423 Illi
1658 2354 2041 2436 assignanda
2106 2359 2254 2419 sunt
2317 2372 2544 2436 cogno-

305 2459 476 2524 mina
520 2459 798 2539 deorum,
848 2476 1012 2539 quae
1056 2457 1157 2524 vel
1200 2464 1430 2525 natura
1458 2479 1576 2526 sua
1620 2460 1728 2525 uni
1749 2478 1969 2525 eorum
2013 2458 2130 2523 soli
2152 2458 2545 2540 conveniunt,

307 2562 855 2645 τερπικέραυνος,
929 2559 1361 2646 ἐννοσίγαιος,
1425 2581 1590 2644 quae
1655 2561 2025 2643 Apollonius
2068 2560 2225 2625 Adv.
2272 2559 2415 2626 530.
2462 2562 2547 2626 22

301 2661 442 2752 ἰδίᾳ
489 2664 845 2748 τεταγμένα
889 2667 1099 2742 vocat,
1166 2668 1301 2729 tum
1355 2654 1860 2751 Ἀργειφόντης,
1931 2663 2398 2749 Τριτογένεια,
2443 2664 2545 2729 vel

301 2766 626 2848 privilegio
671 2765 944 2848 quodam
990 2783 1144 2830 usus
1189 2767 1426 2847 publici
1497 2768 1686 2833 certis
1752 2766 2177 2831 adhaeserunt
2240 2766 2545 2847 personis,

302 2865 720 2955 ἑκατηβόλος,
771 2863 1136 2953 διάκτορος,
1186 2863 1491 2953 ὀγελείη,·
1520 2870 1915 2953 γλαυκῶπις.
2005 2868 2180 2934 Haec
2211 2869 2265 2933 Si
2288 2868 2546 2934 adiecti·
2578 2910 2590 2930 x

303 2988 523 3036 vorum
568 2970 771 3050 modo,
817 2976 891 3037 ut
931 2989 1003 3035 re
1048 2989 1201 3036 vera
1245 2975 1409 3050 sunt,
1429 2964 1540 3036 'ad
1582 2971 1739 3035 alias
1765 2976 1955 3053 atque
2002 2971 2159 3036 alias
2202 2990 2307 3037 res
2335 2976 2544 3035 trans-

300 3063 608 3153 feruntur,
653 3072 724 3138 id‘
763 3074 886 3138 etsi
926 3075 1223 3139 merismo
1266 3072 1482 3138 nativo
1526 3075 1849 3152 convenit,
1915 3078 2132 3144 tamen
2195 3073 2547 3139 catachresi
2646 3151 2655 3156 ,
2704 3067 2707 3072 ’

302 3176 667 3255 imputatur.
758 3169 1194 3241 Communium
1238 3175 1392 3240 item
1417 3175 1582 3240 duae
1629 3176 1871 3257 species
1895 3165 2078 3255 sunt,¹
2106 3195 2374 3257 quarum
2417 3195 2546 3241 una

304 3296 682 3360 magnopere
727 3279 808 3344 ad
850 3278 1240 3344 intellectum
1283 3278 1563 3359 pertinet
1605 3278 2020 3359 omnibusque
2063 3279 2218 3343 trita
2280 3283 2348 3344 et
2389 3296 2542 3358 quo-
2667 3270 2675 3277 ’

302 3380 545 3445 tidiana
589 3384 705 3459 est,
752 3379 954 3446 altera
997 3381 1202 3462 poetis
1248 3379 1569 3445 celebrata
1613 3380 1713 3445 vel
1757 3378 1840 3444 ad
1890 3381 2239 3447 ornandum
2305 3390 2542 3446 sermo-

301 3500 448 3548 nem
490 3482 612 3556 vel,
637 3482 720 3547 ad
780 3483 1182 3565 complendos
1247 3501 1489 3550 versus.
1510 3541 1549 3554 ,,
1577 3483 1715 3549 Hoc
1772 3483 1840 3548 in
1903 3500 2164 3547 numero
2229 3482 2544 3550 habentur

302 3584 601 3666 epitheta,
646 3603 808 3666 quae
854 3586 1039 3667 vulgo
1073 3586 1366 3651 ornantia
1396 3585 1819 3668 appellamuS‚'
1850 3589 1918 3650 et
1959 3584 2162 3650 otiosa
2184 3586 2544 3651 discrimine

303 3705 508 3768 neque
552 3686 724 3753 nullo
767 3705 972 3769 neque
1015 3688 1108 3752 ita
1151 3688 1320 3754 claro
1336 3739 1353 3769 ,
1416 3692 1492 3753 ut
1557 3688 1761 3753 ubivis
1806 3689 2059 3771 agnosci
2100 3688 2318 3769 possit.
2405 3688 2545 3753 Hoc

254 3775 260 3784 ’
303 3808 501 3871 genus
545 3808 709 3855 unus
753 3795 1039 3856 veterum
1083 3790 1486 3857 adumbravit
1529 3790 1720 3856 schol.
1763 3790 1916 3855 Eur.
1946 3789 2100 3858 Hec.
2151 3788 2334 3854 1121.
2422 3789 2544 3855 Hic

303 3894 606 3973 scriptum
630 3895 730 3962 est
754 3893 999 3971 παιδὸς
1021 3898 1266 3978 γνοῦσα
1314 3890 1779 3975 θανάσιμον
1822 3888 2107 3979 μό’ρον,
2156 3892 2542 3974 quod.Schol.

301 3996 576 4078 primum
620 3995 711 4061 sic
754 3996 1236 4077 interpretatur:
1304 3993 1505 4083 μόρος
1550 3991 1629 4060 οὗ
1672 3990 1877 4078 μόνον
1923 3991 1959 4060 ὁ
2006 3991 2324 4073 θάνατος’,
2370 3990 2544 4060 ἀλλὰ

302 4098 424 4164 καῖ
459 4093 496 4183 ἥ
545 4095 721 4187 τύχη,
767 4093 847 4164 οὔ
892 4099 1017 4182 γὰρ
1064 4098 1201 4166 ἔστι
1228 4100 1433 4185 λέγειν
1455 4092 1831 4180 θανάσιμοι)
1860 4093 2176 4176 θάνατον,
2221 4102 2359 4161 tum
2391 4114 2541 4162 Vero

303 4201 763 4282 quodammodo
804 4205 1139 4267 retractat:
1204 4200 1289 4268 τὰ
1334 4199 1623 4268 ἐπίθετα
1687 4193 1732 4285 ἢ
1776 4198 2001 4287 ἕτερον
2068 4202 2346 4286 δηλοῦσι
2411 4201 2544 4263 τῶν

303 4299 660 4387 ὀνομάτων,
709 4297 812 4391 ἐφ’
863 4290 950 4367 ὧν
993 4302 1318 4390 λέγονται,
1367 4297 1411 4392 ἢ
1455 4298 1517 4370 εἰ
1562 4301 1679 4391 τὴν
1745 4298 1948 4390 αὐτὴν
1993 4298 2255 4379 τούτοις
2319 4298 2543 4384 ἔχουσι
