<?xml version="1.0" encoding="UTF-8"?>
<!DOCTYPE html PUBLIC "-//W3C//DTD XHTML 1.0 Transitional//EN"
    "http://www.w3.org/TR/xhtml1/DTD/xhtml1-transitional.dtd">
<html xmlns="http://www.w3.org/1999/xhtml" xml:lang="en" lang="en">
 <head>
  <title>
</title>
<meta http-equiv="Content-Type" content="text/html;charset=utf-8" />
  <meta name='ocr-system' content='tesseract 3.04.00' />
  <meta name='ocr-capabilities' content='ocr_page ocr_carea ocr_par ocr_line ocrx_word'/>
</head>
<body>
  <div class='ocr_page' id='page_1' title='image "./pathologiaegrae02lobegoog_0163.png"; bbox 0 0 2946 4928; ppageno 0'>
   <div class='ocr_carea' id='block_1_1' title="bbox 788 286 2513 415">
    <p class='ocr_par' dir='ltr' id='par_1_1' title="bbox 788 286 2513 415">
     <span class='ocr_line' id='line_1_1' title="bbox 788 286 2513 415; baseline 0.003 -8"><span class='ocrx_word' id='word_1_1' title='bbox 788 342 905 408; x_wconf 79' lang='lat' dir='ltr'><strong>nn</strong></span> <span class='ocrx_word' id='word_1_2' title='bbox 948 339 1760 411; x_wconf 78' lang='lat' dir='ltr'><strong>PRoscHEMATISMO.·</strong></span> <span class='ocrx_word' id='word_1_3' title='bbox 1831 286 1995 412; x_wconf 58' lang='lat' dir='ltr'><strong>Psi</strong></span> <span class='ocrx_word' id='word_1_4' title='bbox 2392 348 2513 415; x_wconf 83' lang='lat'><strong>145</strong></span> 
     </span>
    </p>
   </div>
   <div class='ocr_carea' id='block_1_2' title="bbox 275 496 2621 1924">
    <p class='ocr_par' dir='ltr' id='par_1_2' title="bbox 275 496 2621 1493">
     <span class='ocr_line' id='line_1_2' title="bbox 277 496 2515 601; baseline 0.003 -31"><span class='ocrx_word' id='word_1_5' title='bbox 277 498 371 583; x_wconf 79' lang='grc' dir='ltr'><strong>ὥς</strong></span> <span class='ocrx_word' id='word_1_6' title='bbox 417 502 559 571; x_wconf 76' lang='grc' dir='ltr'><strong><em>ἔστι</em></strong></span> <span class='ocrx_word' id='word_1_7' title='bbox 607 509 844 592; x_wconf 80' lang='grc' dir='ltr'><strong><em>σαφῶς</em></strong></span> <span class='ocrx_word' id='word_1_8' title='bbox 887 509 1246 591; x_wconf 73' lang='grc' dir='ltr'><strong><em>συμβαλεῖν</em></strong></span> <span class='ocrx_word' id='word_1_9' title='bbox 1289 515 1436 587; x_wconf 85' lang='grc' dir='ltr'><strong><em>ταῖς</em></strong></span> <span class='ocrx_word' id='word_1_10' title='bbox 1494 505 1892 589; x_wconf 75' lang='grc' dir='ltr'><strong><em>τοῖςπάλαι</em></strong></span> <span class='ocrx_word' id='word_1_11' title='bbox 1937 496 2178 601; x_wconf 68' lang='grc' dir='ltr'><strong><em>σοφοῖς</em></strong></span> <span class='ocrx_word' id='word_1_12' title='bbox 2224 536 2515 598; x_wconf 89' lang='grc' dir='ltr'><strong><em>πεπονη-</em></strong></span> 
     </span>
     <span class='ocr_line' id='line_1_3' title="bbox 275 604 2621 699; baseline 0.003 -25"><span class='ocrx_word' id='word_1_13' title='bbox 275 606 506 692; x_wconf 63' lang='grc' dir='ltr'><strong><em>μόναις</em></strong></span> <span class='ocrx_word' id='word_1_14' title='bbox 548 604 834 691; x_wconf 74' lang='grc' dir='ltr'><strong><em>βίβλοὶς,</em></strong></span> <span class='ocrx_word' id='word_1_15' title='bbox 885 605 949 675; x_wconf 78' lang='grc' dir='ltr'><strong><em>οἶ</em></strong></span> <span class='ocrx_word' id='word_1_16' title='bbox 1009 611 1083 678; x_wconf 75' lang='grc' dir='ltr'><strong>δὲ</strong></span> <span class='ocrx_word' id='word_1_17' title='bbox 1134 604 1354 689; x_wconf 83' lang='grc' dir='ltr'><strong><em>Ἴωνες</em></strong></span> <span class='ocrx_word' id='word_1_18' title='bbox 1400 608 1550 694; x_wconf 81' lang='grc' dir='ltr'><strong><em>δίχα</em></strong></span> <span class='ocrx_word' id='word_1_19' title='bbox 1595 615 1715 679; x_wconf 84' lang='grc' dir='ltr'><strong>τοῦ</strong></span> <span class='ocrx_word' id='word_1_20' title='bbox 1756 618 1807 686; x_wconf 70' lang='grc' dir='ltr'><strong>ἶ,</strong></span> <span class='ocrx_word' id='word_1_21' title='bbox 1904 604 2184 692; x_wconf 73' lang='grc' dir='ltr'><strong><em>Τούτοις</em></strong></span> <span class='ocrx_word' id='word_1_22' title='bbox 2228 606 2346 681; x_wconf 78' lang='grc' dir='ltr'><strong>οὗν</strong></span> <span class='ocrx_word' id='word_1_23' title='bbox 2391 609 2517 699; x_wconf 79' lang='grc' dir='ltr'><strong>ἆμ-</strong></span> <span class='ocrx_word' id='word_1_24' title='bbox 2592 604 2621 625; x_wconf 54' lang='lat'>²</span> 
     </span>
     <span class='ocr_line' id='line_1_4' title="bbox 280 706 2518 807; baseline 0.004 -32"><span class='ocrx_word' id='word_1_25' title='bbox 280 708 600 795; x_wconf 80' lang='grc' dir='ltr'><strong><em>φοτέροις</em></strong></span> <span class='ocrx_word' id='word_1_26' title='bbox 662 706 727 777; x_wconf 77' lang='grc' dir='ltr'><strong><em>οἶ</em></strong></span> <span class='ocrx_word' id='word_1_27' title='bbox 795 711 1073 798; x_wconf 85' lang='grc' dir='ltr'><strong><em>ποιηταὶ</em></strong></span> <span class='ocrx_word' id='word_1_28' title='bbox 1096 710 1795 800; x_wconf 74' lang='grc' dir='ltr'><strong><em>παρακολουθοῦντες</em></strong></span> <span class='ocrx_word' id='word_1_29' title='bbox 1838 716 1947 784; x_wconf 80' lang='grc' dir='ltr'><strong>καὶ</strong></span> <span class='ocrx_word' id='word_1_30' title='bbox 1994 715 2073 804; x_wconf 77' lang='grc' dir='ltr'><strong>δὴ</strong></span> <span class='ocrx_word' id='word_1_31' title='bbox 2121 715 2228 784; x_wconf 81' lang='grc' dir='ltr'><strong>καὶ</strong></span> <span class='ocrx_word' id='word_1_32' title='bbox 2271 719 2354 807; x_wconf 81' lang='grc' dir='ltr'><strong><em>τῇ</em></strong></span> <span class='ocrx_word' id='word_1_33' title='bbox 2399 720 2518 784; x_wconf 69' lang='grc' dir='ltr'><strong>τοῦ</strong></span> 
     </span>
     <span class='ocr_line' id='line_1_5' title="bbox 277 808 2516 906; baseline 0.003 -28"><span class='ocrx_word' id='word_1_34' title='bbox 277 813 522 901; x_wconf 76' lang='grc' dir='ltr'><strong><em>μέτρου</em></strong></span> <span class='ocrx_word' id='word_1_35' title='bbox 569 808 816 902; x_wconf 76' lang='grc' dir='ltr'><strong><em>ἀνάγκῃ</em></strong></span> <span class='ocrx_word' id='word_1_36' title='bbox 863 812 1183 894; x_wconf 80' lang='grc' dir='ltr'><strong><em>πολλάκις</em></strong></span> <span class='ocrx_word' id='word_1_37' title='bbox 1247 814 1606 904; x_wconf 74' lang='grc' dir='ltr'><strong><em>συμφώνου</em></strong></span> <span class='ocrx_word' id='word_1_38' title='bbox 1648 820 1770 902; x_wconf 72' lang='grc' dir='ltr'><strong>μὲν</strong></span> <span class='ocrx_word' id='word_1_39' title='bbox 1815 814 2324 906; x_wconf 73' lang='grc' dir='ltr'><strong><em>ἐπιφερομένου</em></strong></span> <span class='ocrx_word' id='word_1_40' title='bbox 2352 819 2516 903; x_wconf 79' lang='grc' dir='ltr'><strong><em>μετὰ</em></strong></span> 
     </span>
     <span class='ocr_line' id='line_1_6' title="bbox 279 911 2520 1047; baseline 0.004 -69"><span class='ocrx_word' id='word_1_41' title='bbox 279 919 403 981; x_wconf 72' lang='grc' dir='ltr'><strong>τοῦ</strong></span> <span class='ocrx_word' id='word_1_42' title='bbox 463 914 503 988; x_wconf 74' lang='lat'><strong>33·</strong></span> <span class='ocrx_word' id='word_1_43' title='bbox 554 911 911 1002; x_wconf 78' lang='grc' dir='ltr'><strong><em>γράφουσι,</em></strong></span> <span class='ocrx_word' id='word_1_44' title='bbox 960 914 1282 997; x_wconf 82' lang='grc' dir='ltr'><strong><em>πολλάκις</em></strong></span> <span class='ocrx_word' id='word_1_45' title='bbox 1329 919 1407 987; x_wconf 74' lang='grc' dir='ltr'><strong>δὲ</strong></span> <span class='ocrx_word' id='word_1_46' title='bbox 1454 920 1566 987; x_wconf 81' lang='grc' dir='ltr'><strong>καὶ</strong></span> <span class='ocrx_word' id='word_1_47' title='bbox 1620 917 1998 1008; x_wconf 76' lang='grc' dir='ltr'><strong><em>φωνήεντος</em></strong></span> <span class='ocrx_word' id='word_1_48' title='bbox 2019 921 2520 1047; x_wconf 73' lang='grc' dir='ltr'><strong><em>ἐπιφερομένου</em></strong></span> 
     </span>
     <span class='ocr_line' id='line_1_7' title="bbox 286 1013 2521 1113; baseline 0.003 -31"><span class='ocrx_word' id='word_1_49' title='bbox 286 1013 437 1098; x_wconf 79' lang='grc' dir='ltr'><strong><em>δίχα</em></strong></span> <span class='ocrx_word' id='word_1_50' title='bbox 482 1021 598 1083; x_wconf 87' lang='grc' dir='ltr'><strong>τοῦ</strong></span> <span class='ocrx_word' id='word_1_51' title='bbox 639 1018 688 1090; x_wconf 66' lang='grc' dir='ltr'><strong>ἲ.</strong></span> <span class='ocrx_word' id='word_1_52' title='bbox 801 1022 1127 1085; x_wconf 81' lang='grc' dir='ltr'><strong><em>Τοιοῦτον</em></strong></span> <span class='ocrx_word' id='word_1_53' title='bbox 1182 1019 1262 1108; x_wconf 75' lang='grc' dir='ltr'><strong>δή</strong></span> <span class='ocrx_word' id='word_1_54' title='bbox 1315 1047 1378 1088; x_wconf 93' lang='grc' dir='ltr'><strong>τι</strong></span> <span class='ocrx_word' id='word_1_55' title='bbox 1423 1026 1508 1111; x_wconf 82' lang='grc' dir='ltr'><strong><em>τῇ</em></strong></span> <span class='ocrx_word' id='word_1_56' title='bbox 1552 1027 1670 1090; x_wconf 85' lang='grc' dir='ltr'><strong>τοῦ</strong></span> <span class='ocrx_word' id='word_1_57' title='bbox 1713 1024 1956 1112; x_wconf 78' lang='grc' dir='ltr'><strong><em>μέτρου</em></strong></span> <span class='ocrx_word' id='word_1_58' title='bbox 2001 1020 2251 1113; x_wconf 75' lang='grc' dir='ltr'><strong><em>ἀνάγκῃ</em></strong></span> <span class='ocrx_word' id='word_1_59' title='bbox 2297 1025 2407 1090; x_wconf 83' lang='grc' dir='ltr'><strong>καὶ</strong></span> <span class='ocrx_word' id='word_1_60' title='bbox 2452 1021 2521 1091; x_wconf 74' lang='grc' dir='ltr'><strong>ἓν</strong></span> 
     </span>
     <span class='ocr_line' id='line_1_8' title="bbox 282 1118 2558 1216; baseline 0.004 -34"><span class='ocrx_word' id='word_1_61' title='bbox 282 1124 419 1197; x_wconf 78' lang='grc' dir='ltr'><strong><em>τοῖς</em></strong></span> <span class='ocrx_word' id='word_1_62' title='bbox 460 1145 556 1198; x_wconf 82' lang='grc' dir='ltr'><strong>εις</strong></span> <span class='ocrx_word' id='word_1_63' title='bbox 578 1120 627 1192; x_wconf 70' lang='grc' dir='ltr'><strong>’ἱ</strong></span> <span class='ocrx_word' id='word_1_64' title='bbox 665 1119 799 1186; x_wconf 84' lang='grc' dir='ltr'><strong>καὶ</strong></span> <span class='ocrx_word' id='word_1_65' title='bbox 810 1119 947 1199; x_wconf 78' lang='grc' dir='ltr'><strong>ἒςσ</strong></span> <span class='ocrx_word' id='word_1_66' title='bbox 973 1118 1281 1209; x_wconf 75' lang='grc' dir='ltr'><strong><em>λήγουσιν</em></strong></span> <span class='ocrx_word' id='word_1_67' title='bbox 1306 1120 1716 1213; x_wconf 71' lang='grc' dir='ltr'><strong><em>ἐπιρρήμασι</em></strong></span> <span class='ocrx_word' id='word_1_68' title='bbox 1743 1130 2083 1194; x_wconf 74' lang='grc' dir='ltr'><strong><em>ποιοῦσινε</em></strong></span> <span class='ocrx_word' id='word_1_69' title='bbox 2130 1124 2515 1216; x_wconf 79' lang='grc' dir='ltr'><strong><em>πρόσθεν,</em></strong></span> <span class='ocrx_word' id='word_1_70' title='bbox 2555 1161 2558 1163; x_wconf 89' lang='grc'>-</span> 
     </span>
     <span class='ocr_line' id='line_1_9' title="bbox 280 1217 2515 1325; baseline 0.004 -39"><span class='ocrx_word' id='word_1_71' title='bbox 280 1221 611 1308; x_wconf 82' lang='grc' dir='ltr'><strong><em>νέρθεν,</em></strong></span> <span class='ocrx_word' id='word_1_72' title='bbox 681 1219 958 1325; x_wconf 69' lang='grc' dir='ltr'><strong><em>οὕτως,</em></strong></span> <span class='ocrx_word' id='word_1_73' title='bbox 1030 1217 1306 1305; x_wconf 87' lang='grc' dir='ltr'><strong><em>αυθις,</em></strong></span> <span class='ocrx_word' id='word_1_74' title='bbox 1379 1226 1815 1310; x_wconf 84' lang='grc' dir='ltr'><strong><em>πολλάκις,</em></strong></span> <span class='ocrx_word' id='word_1_75' title='bbox 1885 1226 2164 1308; x_wconf 74' lang='grc' dir='ltr'><strong><em>εὐθύς,</em></strong></span> <span class='ocrx_word' id='word_1_76' title='bbox 2238 1225 2515 1312; x_wconf 76' lang='grc' dir='ltr'><strong><em>ταχύς,</em></strong></span> 
     </span>
     <span class='ocr_line' id='line_1_10' title="bbox 279 1317 2516 1410; baseline 0.003 -21"><span class='ocrx_word' id='word_1_77' title='bbox 279 1317 324 1388; x_wconf 80' lang='grc' dir='ltr'><em>ἆ</em></span> <span class='ocrx_word' id='word_1_78' title='bbox 340 1338 421 1410; x_wconf 67' lang='lat' dir='ltr'><strong>tp</strong></span> <span class='ocrx_word' id='word_1_79' title='bbox 437 1324 527 1407; x_wconf 80' lang='grc' dir='ltr'><strong>ἐμ</strong></span> <span class='ocrx_word' id='word_1_80' title='bbox 543 1352 584 1390; x_wconf 86' lang='grc' dir='ltr'><strong><em>α</em></strong></span> <span class='ocrx_word' id='word_1_81' title='bbox 601 1351 633 1402; x_wconf 85' lang='grc' dir='ltr'><strong><em>ς</em></strong></span> <span class='ocrx_word' id='word_1_82' title='bbox 659 1376 677 1409; x_wconf 92' lang='grc'><strong><em>,</em></strong></span> <span class='ocrx_word' id='word_1_83' title='bbox 746 1324 909 1409; x_wconf 89' lang='lat' dir='ltr'><strong>quae</strong></span> <span class='ocrx_word' id='word_1_84' title='bbox 976 1332 1126 1393; x_wconf 83' lang='lat' dir='ltr'><strong>sunt</strong></span> <span class='ocrx_word' id='word_1_85' title='bbox 1168 1327 1521 1395; x_wconf 78' lang='lat' dir='ltr'><strong>Aristarchi</strong></span> <span class='ocrx_word' id='word_1_86' title='bbox 1562 1331 1825 1397; x_wconf 91' lang='lat' dir='ltr'><strong>iunioris</strong></span> <span class='ocrx_word' id='word_1_87' title='bbox 1892 1332 2088 1398; x_wconf 89' lang='lat' dir='ltr'><strong>verba</strong></span> <span class='ocrx_word' id='word_1_88' title='bbox 2150 1333 2215 1398; x_wconf 93' lang='lat' dir='ltr'><strong>in</strong></span> <span class='ocrx_word' id='word_1_89' title='bbox 2282 1322 2516 1398; x_wconf 86' lang='lat' dir='ltr'><strong>Anecd.</strong></span> 
     </span>
     <span class='ocr_line' id='line_1_11' title="bbox 278 1424 719 1493; baseline 0.007 -3"><span class='ocrx_word' id='word_1_90' title='bbox 278 1424 484 1492; x_wconf 89' lang='lat' dir='ltr'><strong>Bekk.</strong></span> <span class='ocrx_word' id='word_1_91' title='bbox 538 1426 719 1493; x_wconf 91' lang='grc'><strong>1400.</strong></span> 
     </span>
    </p>

    <p class='ocr_par' dir='ltr' id='par_1_3' title="bbox 277 1530 2550 1924">
     <span class='ocr_line' id='line_1_12' title="bbox 452 1530 2517 1620; baseline 0.002 -25"><span class='ocrx_word' id='word_1_92' title='bbox 452 1530 529 1595; x_wconf 90' lang='grc' dir='ltr'><strong>Ι11</strong></span> <span class='ocrx_word' id='word_1_93' title='bbox 570 1530 690 1596; x_wconf 90' lang='lat' dir='ltr'><strong>hoc</strong></span> <span class='ocrx_word' id='word_1_94' title='bbox 733 1532 1073 1597; x_wconf 84' lang='lat' dir='ltr'><strong>summario</strong></span> <span class='ocrx_word' id='word_1_95' title='bbox 1142 1532 1266 1597; x_wconf 90' lang='lat' dir='ltr'><strong>duo</strong></span> <span class='ocrx_word' id='word_1_96' title='bbox 1333 1534 1732 1600; x_wconf 84' lang='lat' dir='ltr'><strong>continentur</strong></span> <span class='ocrx_word' id='word_1_97' title='bbox 1775 1535 2223 1601; x_wconf 86' lang='lat' dir='ltr'><strong>vocabulorum</strong></span> <span class='ocrx_word' id='word_1_98' title='bbox 2265 1555 2517 1620; x_wconf 75' lang='lat' dir='ltr'><strong>genera,</strong></span> 
     </span>
     <span class='ocr_line' id='line_1_13' title="bbox 277 1630 2518 1720; baseline 0.002 -22"><span class='ocrx_word' id='word_1_99' title='bbox 277 1651 550 1715; x_wconf 84' lang='lat' dir='ltr'><strong>quorum</strong></span> <span class='ocrx_word' id='word_1_100' title='bbox 615 1652 811 1698; x_wconf 88' lang='lat' dir='ltr'><strong>unum</strong></span> <span class='ocrx_word' id='word_1_101' title='bbox 875 1640 950 1700; x_wconf 84' lang='grc' dir='ltr'><strong>νῦ</strong></span> <span class='ocrx_word' id='word_1_102' title='bbox 1014 1630 1268 1700; x_wconf 81' lang='lat' dir='ltr'><strong>literam</strong></span> <span class='ocrx_word' id='word_1_103' title='bbox 1346 1636 1428 1700; x_wconf 88' lang='lat' dir='ltr'><strong>ad</strong></span> <span class='ocrx_word' id='word_1_104' title='bbox 1495 1654 1564 1701; x_wconf 88' lang='lat' dir='ltr'><strong>se</strong></span> <span class='ocrx_word' id='word_1_105' title='bbox 1631 1638 1893 1719; x_wconf 84' lang='lat' dir='ltr'><strong>recipit,</strong></span> <span class='ocrx_word' id='word_1_106' title='bbox 1962 1636 2233 1704; x_wconf 90' lang='lat' dir='ltr'><strong>alterum</strong></span> <span class='ocrx_word' id='word_1_107' title='bbox 2300 1640 2518 1720; x_wconf 84' lang='lat' dir='ltr'><strong>sigma,</strong></span> 
     </span>
     <span class='ocr_line' id='line_1_14' title="bbox 277 1732 2518 1821; baseline 0.003 -22"><span class='ocrx_word' id='word_1_108' title='bbox 277 1739 621 1818; x_wconf 91' lang='lat' dir='ltr'><strong>utrumque</strong></span> <span class='ocrx_word' id='word_1_109' title='bbox 685 1735 1083 1817; x_wconf 89' lang='lat' dir='ltr'><strong>bipertitum</strong></span> <span class='ocrx_word' id='word_1_110' title='bbox 1118 1756 1235 1818; x_wconf 89' lang='lat' dir='ltr'><strong>pro</strong></span> <span class='ocrx_word' id='word_1_111' title='bbox 1277 1742 1510 1803; x_wconf 85' lang='lat' dir='ltr'><strong>natura</strong></span> <span class='ocrx_word' id='word_1_112' title='bbox 1552 1732 1804 1806; x_wconf 80' lang='lat' dir='ltr'><strong>vocalis,</strong></span> <span class='ocrx_word' id='word_1_113' title='bbox 1935 1741 2061 1821; x_wconf 88' lang='lat' dir='ltr'><strong>Ea,</strong></span> <span class='ocrx_word' id='word_1_114' title='bbox 2122 1759 2285 1821; x_wconf 90' lang='lat' dir='ltr'><strong>quae</strong></span> <span class='ocrx_word' id='word_1_115' title='bbox 2332 1744 2406 1805; x_wconf 83' lang='grc' dir='ltr'><strong>νῦ</strong></span> <span class='ocrx_word' id='word_1_116' title='bbox 2450 1741 2518 1804; x_wconf 87' lang='grc'><strong>111</strong></span> 
     </span>
     <span class='ocr_line' id='line_1_15' title="bbox 277 1838 2550 1924; baseline 0.002 -21"><span class='ocrx_word' id='word_1_117' title='bbox 277 1838 550 1904; x_wconf 84' lang='lat' dir='ltr'><strong>catalexi</strong></span> <span class='ocrx_word' id='word_1_118' title='bbox 592 1838 846 1919; x_wconf 87' lang='lat' dir='ltr'><strong>habent,</strong></span> <span class='ocrx_word' id='word_1_119' title='bbox 914 1844 1027 1904; x_wconf 90' lang='lat' dir='ltr'><strong>aut</strong></span> <span class='ocrx_word' id='word_1_120' title='bbox 1088 1858 1203 1921; x_wconf 90' lang='lat' dir='ltr'><strong>per</strong></span> <span class='ocrx_word' id='word_1_121' title='bbox 1268 1840 1453 1905; x_wconf 78' lang='lat' dir='ltr'><strong>casus</strong></span> <span class='ocrx_word' id='word_1_122' title='bbox 1521 1845 1588 1906; x_wconf 87' lang='lat' dir='ltr'><strong>et</strong></span> <span class='ocrx_word' id='word_1_123' title='bbox 1637 1847 1925 1924; x_wconf 90' lang='lat' dir='ltr'><strong>tempora</strong></span> <span class='ocrx_word' id='word_1_124' title='bbox 1971 1842 2364 1909; x_wconf 78' lang='lat' dir='ltr'><strong>declinantur</strong></span> <span class='ocrx_word' id='word_1_125' title='bbox 2408 1847 2550 1921; x_wconf 82' lang='lat' dir='ltr'><strong>aut¹</strong></span> 
     </span>
    </p>
   </div>
   <div class='ocr_carea' id='block_1_3' title="bbox 280 1940 1766 2011">
    <p class='ocr_par' dir='ltr' id='par_1_4' title="bbox 280 1940 1766 2011">
     <span class='ocr_line' id='line_1_16' title="bbox 280 1940 1766 2011; baseline 0.003 -6"><span class='ocrx_word' id='word_1_126' title='bbox 280 1941 560 2006; x_wconf 89' lang='lat' dir='ltr'><strong>motione</strong></span> <span class='ocrx_word' id='word_1_127' title='bbox 606 1946 839 2006; x_wconf 83' lang='lat' dir='ltr'><strong>carent.</strong></span> <span class='ocrx_word' id='word_1_128' title='bbox 929 1940 1159 2007; x_wconf 86' lang='lat' dir='ltr'><strong>Ordiar</strong></span> <span class='ocrx_word' id='word_1_129' title='bbox 1203 1942 1282 2007; x_wconf 89' lang='lat' dir='ltr'><strong>ab</strong></span> <span class='ocrx_word' id='word_1_130' title='bbox 1327 1942 1766 2011; x_wconf 82' lang='lat' dir='ltr'><strong>immobilibus.</strong></span> 
     </span>
    </p>
   </div>
   <div class='ocr_carea' id='block_1_4' title="bbox 1086 2094 1635 2204">
    <p class='ocr_par' dir='ltr' id='par_1_5' title="bbox 1086 2094 1635 2204">
     <span class='ocr_line' id='line_1_17' title="bbox 1086 2094 1635 2204; baseline 0.002 -1"><span class='ocrx_word' id='word_1_131' title='bbox 1086 2094 1114 2176; x_wconf 73' lang='grc' dir='ltr'>Ῐ</span> <span class='ocrx_word' id='word_1_132' title='bbox 1191 2136 1518 2204; x_wconf 82' lang='lat' dir='ltr'>CAPUT</span> <span class='ocrx_word' id='word_1_133' title='bbox 1586 2139 1635 2204; x_wconf 82' lang='lat' dir='ltr'>L</span> 
     </span>
    </p>
   </div>
   <div class='ocr_carea' id='block_1_5' title="bbox 503 2274 2285 2380">
    <p class='ocr_par' dir='ltr' id='par_1_6' title="bbox 503 2274 2285 2380">
     <span class='ocr_line' id='line_1_18' title="bbox 503 2274 2285 2380; baseline -0.001 -28"><span class='ocrx_word' id='word_1_134' title='bbox 503 2278 619 2353; x_wconf 86' lang='lat' dir='ltr'><strong>De</strong></span> <span class='ocrx_word' id='word_1_135' title='bbox 671 2303 768 2375; x_wconf 79' lang='lat' dir='ltr'><strong>ny</strong></span> <span class='ocrx_word' id='word_1_136' title='bbox 814 2278 1292 2380; x_wconf 78' lang='lat' dir='ltr'><strong>paragogico</strong></span> <span class='ocrx_word' id='word_1_137' title='bbox 1343 2302 1588 2352; x_wconf 80' lang='lat' dir='ltr'><strong>vocum</strong></span> <span class='ocrx_word' id='word_1_138' title='bbox 1641 2274 2285 2352; x_wconf 72' lang='lat' dir='ltr'><strong>indeclinabilium.</strong></span> 
     </span>
    </p>
   </div>
   <div class='ocr_carea' id='block_1_6' title="bbox 210 2453 2554 4277">
    <p class='ocr_par' dir='ltr' id='par_1_7' title="bbox 210 2453 2554 4276">
     <span class='ocr_line' id='line_1_19' title="bbox 452 2453 2518 2540; baseline 0 -20"><span class='ocrx_word' id='word_1_139' title='bbox 452 2462 507 2530; x_wconf 83' lang='lat'><strong>§.</strong></span> <span class='ocrx_word' id='word_1_140' title='bbox 557 2454 610 2519; x_wconf 82' lang='lat'><strong>1.</strong></span> <span class='ocrx_word' id='word_1_141' title='bbox 699 2453 821 2520; x_wconf 90' lang='lat' dir='ltr'><strong>Hic</strong></span> <span class='ocrx_word' id='word_1_142' title='bbox 856 2453 1029 2519; x_wconf 87' lang='lat' dir='ltr'><strong>-nihil</strong></span> <span class='ocrx_word' id='word_1_143' title='bbox 1096 2455 1488 2540; x_wconf 72' lang='lat' dir='ltr'><strong>conspectius</strong></span> <span class='ocrx_word' id='word_1_144' title='bbox 1556 2459 1656 2522; x_wconf 85' lang='lat' dir='ltr'><strong>est</strong></span> <span class='ocrx_word' id='word_1_145' title='bbox 1698 2473 1889 2538; x_wconf 89' lang='lat' dir='ltr'><strong>quam</strong></span> <span class='ocrx_word' id='word_1_146' title='bbox 1932 2455 2233 2522; x_wconf 89' lang='lat' dir='ltr'><strong>adverbia</strong></span> <span class='ocrx_word' id='word_1_147' title='bbox 2275 2455 2518 2537; x_wconf 83' lang='lat' dir='ltr'><strong>localia,</strong></span> 
     </span>
     <span class='ocr_line' id='line_1_20' title="bbox 282 2547 2521 2641; baseline 0 -18"><span class='ocrx_word' id='word_1_148' title='bbox 282 2576 552 2640; x_wconf 87' lang='lat' dir='ltr'><strong>quarum</strong></span> <span class='ocrx_word' id='word_1_149' title='bbox 620 2547 996 2638; x_wconf 83' lang='lat' dir='ltr'><strong>scripturam</strong></span> <span class='ocrx_word' id='word_1_150' title='bbox 1063 2557 1399 2639; x_wconf 85' lang='lat' dir='ltr'><strong>ancipitem</strong></span> <span class='ocrx_word' id='word_1_151' title='bbox 1466 2559 1699 2624; x_wconf 88' lang='lat' dir='ltr'><strong>cursim</strong></span> <span class='ocrx_word' id='word_1_152' title='bbox 1765 2558 1948 2640; x_wconf 89' lang='lat' dir='ltr'><strong>attigi</strong></span> <span class='ocrx_word' id='word_1_153' title='bbox 1993 2559 2076 2623; x_wconf 90' lang='lat' dir='ltr'><strong>ad</strong></span> <span class='ocrx_word' id='word_1_154' title='bbox 2118 2558 2347 2641; x_wconf 85' lang='lat' dir='ltr'><strong>Phryn.</strong></span> <span class='ocrx_word' id='word_1_155' title='bbox 2393 2558 2521 2624; x_wconf 84' lang='grc'><strong>284</strong></span> 
     </span>
     <span class='ocr_line' id='line_1_21' title="bbox 281 2658 2519 2743; baseline 0 -19"><span class='ocrx_word' id='word_1_156' title='bbox 281 2659 583 2726; x_wconf 89' lang='lat' dir='ltr'><strong>adhibitis</strong></span> <span class='ocrx_word' id='word_1_157' title='bbox 650 2658 892 2724; x_wconf 88' lang='lat' dir='ltr'><strong>duobus</strong></span> <span class='ocrx_word' id='word_1_158' title='bbox 946 2661 1502 2741; x_wconf 87' lang='lat' dir='ltr'><strong>grammaticorum</strong></span> <span class='ocrx_word' id='word_1_159' title='bbox 1546 2661 1943 2742; x_wconf 82' lang='lat' dir='ltr'><strong>testimoniiS‚</strong></span> <span class='ocrx_word' id='word_1_160' title='bbox 1990 2679 2153 2743; x_wconf 92' lang='lat' dir='ltr'><strong>quae</strong></span> <span class='ocrx_word' id='word_1_161' title='bbox 2195 2660 2298 2725; x_wconf 89' lang='lat' dir='ltr'><strong>hic</strong></span> <span class='ocrx_word' id='word_1_162' title='bbox 2341 2678 2519 2726; x_wconf 92' lang='lat' dir='ltr'><strong>resu-</strong></span> 
     </span>
     <span class='ocr_line' id='line_1_22' title="bbox 210 2760 2521 2851; baseline 0 -23"><span class='ocrx_word' id='word_1_163' title='bbox 210 2769 219 2776; x_wconf 88' lang='lat'>&#39;</span> <span class='ocrx_word' id='word_1_164' title='bbox 280 2781 455 2828; x_wconf 77' lang='lat' dir='ltr'><strong>mere</strong></span> <span class='ocrx_word' id='word_1_165' title='bbox 500 2780 703 2844; x_wconf 83' lang='lat' dir='ltr'><strong>cogor,</strong></span> <span class='ocrx_word' id='word_1_166' title='bbox 751 2781 875 2827; x_wconf 88' lang='lat' dir='ltr'><strong>uno</strong></span> <span class='ocrx_word' id='word_1_167' title='bbox 918 2762 1062 2828; x_wconf 83' lang='lat' dir='ltr'><strong>EM.</strong></span> <span class='ocrx_word' id='word_1_168' title='bbox 1109 2762 1253 2827; x_wconf 85' lang='lat'><strong>385.</strong></span> <span class='ocrx_word' id='word_1_169' title='bbox 1299 2760 1384 2826; x_wconf 86' lang='grc'><strong>48</strong></span> <span class='ocrx_word' id='word_1_170' title='bbox 1440 2761 1821 2843; x_wconf 79' lang='grc' dir='ltr'><strong><em>ἔκτοσθε,</em></strong></span> <span class='ocrx_word' id='word_1_171' title='bbox 1872 2762 2368 2851; x_wconf 82' lang='grc' dir='ltr'><strong><em>προτέρωθε</em></strong></span> <span class='ocrx_word' id='word_1_172' title='bbox 2409 2762 2521 2828; x_wconf 84' lang='grc' dir='ltr'><strong>καὶ</strong></span> 
     </span>
     <span class='ocr_line' id='line_1_23' title="bbox 280 2860 2518 2954; baseline -0.001 -24"><span class='ocrx_word' id='word_1_173' title='bbox 280 2863 361 2930; x_wconf 74' lang='grc' dir='ltr'><strong><em>τὰ</em></strong></span> <span class='ocrx_word' id='word_1_174' title='bbox 409 2860 615 2948; x_wconf 78' lang='grc' dir='ltr'><strong><em>ὅμοια</em></strong></span> <span class='ocrx_word' id='word_1_175' title='bbox 653 2867 854 2953; x_wconf 79' lang='grc' dir='ltr'><strong><em>χωρὶς</em></strong></span> <span class='ocrx_word' id='word_1_176' title='bbox 898 2872 1017 2931; x_wconf 84' lang='grc' dir='ltr'><strong>τοῦ</strong></span> <span class='ocrx_word' id='word_1_177' title='bbox 1059 2868 1124 2935; x_wconf 66' lang='grc' dir='ltr'>ἶ</span> <span class='ocrx_word' id='word_1_178' title='bbox 1152 2861 1502 2952; x_wconf 81' lang='grc' dir='ltr'><strong><em>γράφεται,</em></strong></span> <span class='ocrx_word' id='word_1_179' title='bbox 1551 2861 1611 2933; x_wconf 84' lang='grc' dir='ltr'><strong><em>εἶ</em></strong></span> <span class='ocrx_word' id='word_1_180' title='bbox 1650 2866 1743 2954; x_wconf 80' lang='grc' dir='ltr'><strong>μὴ</strong></span> <span class='ocrx_word' id='word_1_181' title='bbox 1792 2869 2052 2954; x_wconf 82' lang='grc' dir='ltr'><strong><em>φωνῆεν</em></strong></span> <span class='ocrx_word' id='word_1_182' title='bbox 2095 2861 2518 2953; x_wconf 76' lang='grc' dir='ltr'><strong><em>ἐπιφέροιτο,</em></strong></span> 
     </span>
     <span class='ocr_line' id='line_1_24' title="bbox 283 2967 2522 3049; baseline -0.001 -16"><span class='ocrx_word' id='word_1_183' title='bbox 283 2968 484 3034; x_wconf 89' lang='lat' dir='ltr'><strong>altero</strong></span> <span class='ocrx_word' id='word_1_184' title='bbox 531 2967 966 3048; x_wconf 87' lang='lat' dir='ltr'><strong>Choerobosci‚</strong></span> <span class='ocrx_word' id='word_1_185' title='bbox 1013 2968 1181 3049; x_wconf 92' lang='lat' dir='ltr'><strong>quod</strong></span> <span class='ocrx_word' id='word_1_186' title='bbox 1223 2967 1347 3033; x_wconf 90' lang='lat' dir='ltr'><strong>huc</strong></span> <span class='ocrx_word' id='word_1_187' title='bbox 1388 2968 1582 3033; x_wconf 87' lang='lat' dir='ltr'><strong>redit:</strong></span> <span class='ocrx_word' id='word_1_188' title='bbox 1627 2968 2067 3034; x_wconf 87' lang='lat' dir='ltr'><strong>nonnullorum</strong></span> <span class='ocrx_word' id='word_1_189' title='bbox 2095 2987 2173 3033; x_wconf 85' lang='lat' dir='ltr'><strong>ex</strong></span> <span class='ocrx_word' id='word_1_190' title='bbox 2205 2968 2522 3033; x_wconf 88' lang='lat' dir='ltr'><strong>sententia</strong></span> 
     </span>
     <span class='ocr_line' id='line_1_25' title="bbox 283 3064 2524 3158; baseline -0.001 -22"><span class='ocrx_word' id='word_1_191' title='bbox 283 3070 584 3137; x_wconf 80' lang='lat' dir='ltr'><strong>adverbia</strong></span> <span class='ocrx_word' id='word_1_192' title='bbox 650 3064 943 3152; x_wconf 71' lang='grc' dir='ltr'><strong><em>ὄὲνωθεν,</em></strong></span> <span class='ocrx_word' id='word_1_193' title='bbox 1008 3066 1346 3152; x_wconf 85' lang='grc' dir='ltr'><strong><em>κάτωθεν,</em></strong></span> <span class='ocrx_word' id='word_1_194' title='bbox 1417 3067 1820 3158; x_wconf 80' lang='grc' dir='ltr'><strong><em>οὐρανόθεν,</em></strong></span> <span class='ocrx_word' id='word_1_195' title='bbox 1863 3074 2097 3156; x_wconf 40' lang='lat' dir='ltr'><strong>*yffi-9620</strong></span> <span class='ocrx_word' id='word_1_196' title='bbox 2164 3074 2231 3135; x_wconf 80' lang='lat' dir='ltr'><strong>et</strong></span> <span class='ocrx_word' id='word_1_197' title='bbox 2294 3070 2524 3135; x_wconf 83' lang='lat' dir='ltr'><strong>Similia</strong></span> 
     </span>
     <span class='ocr_line' id='line_1_26' title="bbox 283 3174 2521 3256; baseline -0.001 -18"><span class='ocrx_word' id='word_1_198' title='bbox 283 3189 621 3239; x_wconf 90' lang='lat' dir='ltr'><strong>consonam</strong></span> <span class='ocrx_word' id='word_1_199' title='bbox 666 3180 738 3239; x_wconf 87' lang='grc' dir='ltr'><strong>νῦ</strong></span> <span class='ocrx_word' id='word_1_200' title='bbox 780 3193 909 3240; x_wconf 90' lang='lat' dir='ltr'><strong>non</strong></span> <span class='ocrx_word' id='word_1_201' title='bbox 950 3193 989 3238; x_wconf 90' lang='lat' dir='ltr'><strong>a</strong></span> <span class='ocrx_word' id='word_1_202' title='bbox 1033 3174 1230 3256; x_wconf 85' lang='lat' dir='ltr'><strong>stirpe</strong></span> <span class='ocrx_word' id='word_1_203' title='bbox 1284 3174 1736 3256; x_wconf 86' lang='lat' dir='ltr'><strong>ingeneratam‚</strong></span> <span class='ocrx_word' id='word_1_204' title='bbox 1804 3174 1917 3238; x_wconf 90' lang='lat' dir='ltr'><strong>sed</strong></span> <span class='ocrx_word' id='word_1_205' title='bbox 1981 3174 2370 3239; x_wconf 84' lang='lat' dir='ltr'><strong>extrinsecus</strong></span> <span class='ocrx_word' id='word_1_206' title='bbox 2416 3190 2521 3237; x_wconf 90' lang='lat' dir='ltr'><strong>ac-</strong></span> 
     </span>
     <span class='ocr_line' id='line_1_27' title="bbox 284 3267 2526 3358; baseline -0.002 -17"><span class='ocrx_word' id='word_1_207' title='bbox 284 3280 534 3357; x_wconf 83' lang='lat' dir='ltr'><strong>ceptam</strong></span> <span class='ocrx_word' id='word_1_208' title='bbox 599 3275 833 3342; x_wconf 87' lang='lat' dir='ltr'><strong>habere</strong></span> <span class='ocrx_word' id='word_1_209' title='bbox 902 3277 1167 3358; x_wconf 90' lang='lat' dir='ltr'><strong>ideoque</strong></span> <span class='ocrx_word' id='word_1_210' title='bbox 1184 3326 1199 3356; x_wconf 90' lang='lat'>‚</span> <span class='ocrx_word' id='word_1_211' title='bbox 1264 3276 1387 3340; x_wconf 88' lang='lat' dir='ltr'><strong>nisi</strong></span> <span class='ocrx_word' id='word_1_212' title='bbox 1429 3274 1663 3341; x_wconf 82' lang='lat' dir='ltr'><strong>vocalis</strong></span> <span class='ocrx_word' id='word_1_213' title='bbox 1730 3274 2184 3354; x_wconf 86' lang='lat' dir='ltr'><strong>subsequatur,</strong></span> <span class='ocrx_word' id='word_1_214' title='bbox 2251 3275 2388 3338; x_wconf 85' lang='lat' dir='ltr'><strong>sine</strong></span> <span class='ocrx_word' id='word_1_215' title='bbox 2412 3267 2526 3337; x_wconf 60' lang='lat' dir='ltr'><strong>xea</strong></span> 
     </span>
     <span class='ocr_line' id='line_1_28' title="bbox 284 3371 2522 3461; baseline -0.002 -19"><span class='ocrx_word' id='word_1_216' title='bbox 284 3375 618 3443; x_wconf 87' lang='lat' dir='ltr'><strong>scribenda</strong></span> <span class='ocrx_word' id='word_1_217' title='bbox 661 3396 830 3458; x_wconf 83' lang='lat' dir='ltr'><strong>esse3</strong></span> <span class='ocrx_word' id='word_1_218' title='bbox 876 3378 1104 3460; x_wconf 88' lang='lat' dir='ltr'><strong>quibus</strong></span> <span class='ocrx_word' id='word_1_219' title='bbox 1147 3379 1366 3444; x_wconf 90' lang='lat' dir='ltr'><strong>relatis</strong></span> <span class='ocrx_word' id='word_1_220' title='bbox 1409 3378 1517 3441; x_wconf 89' lang='lat' dir='ltr'><strong>ille</strong></span> <span class='ocrx_word' id='word_1_221' title='bbox 1560 3376 1739 3440; x_wconf 89' lang='lat' dir='ltr'><strong>addit</strong></span> <span class='ocrx_word' id='word_1_222' title='bbox 1784 3372 1821 3461; x_wconf 83' lang='grc' dir='ltr'><em>ἢ</em></span> <span class='ocrx_word' id='word_1_223' title='bbox 1868 3375 1944 3442; x_wconf 77' lang='grc' dir='ltr'><strong>δὲ</strong></span> <span class='ocrx_word' id='word_1_224' title='bbox 1988 3373 2311 3458; x_wconf 77' lang='grc' dir='ltr'><strong><em>συνήθεια</em></strong></span> <span class='ocrx_word' id='word_1_225' title='bbox 2359 3371 2522 3439; x_wconf 86' lang='grc' dir='ltr'><strong><em>πάν-</em></strong></span> 
     </span>
     <span class='ocr_line' id='line_1_29' title="bbox 284 3474 2522 3564; baseline -0.003 -19"><span class='ocrx_word' id='word_1_226' title='bbox 284 3504 433 3546; x_wconf 85' lang='grc' dir='ltr'><strong><em>τοτε</em></strong></span> <span class='ocrx_word' id='word_1_227' title='bbox 498 3479 667 3564; x_wconf 79' lang='grc' dir='ltr'><strong><em>μετὰ</em></strong></span> <span class='ocrx_word' id='word_1_228' title='bbox 735 3485 848 3546; x_wconf 81' lang='grc' dir='ltr'><strong>τοῦ</strong></span> <span class='ocrx_word' id='word_1_229' title='bbox 913 3482 960 3552; x_wconf 66' lang='lat'><strong>{7</strong></span> <span class='ocrx_word' id='word_1_230' title='bbox 1008 3482 1084 3547; x_wconf 82' lang='grc' dir='ltr'><strong><em>τὰ</em></strong></span> <span class='ocrx_word' id='word_1_231' title='bbox 1156 3482 1430 3546; x_wconf 87' lang='grc' dir='ltr'><strong><em>τοιαῦτα</em></strong></span> <span class='ocrx_word' id='word_1_232' title='bbox 1498 3474 1759 3564; x_wconf 79' lang='grc' dir='ltr'><strong><em>γράφει.</em></strong></span> <span class='ocrx_word' id='word_1_233' title='bbox 1889 3476 2026 3542; x_wconf 85' lang='lat' dir='ltr'><strong>Hos</strong></span> <span class='ocrx_word' id='word_1_234' title='bbox 2091 3477 2147 3541; x_wconf 86' lang='lat' dir='ltr'><strong>Si</strong></span> <span class='ocrx_word' id='word_1_235' title='bbox 2212 3476 2522 3555; x_wconf 67' lang='lat' dir='ltr'><strong>audimus,</strong></span> 
     </span>
     <span class='ocr_line' id='line_1_30' title="bbox 285 3577 2521 3663; baseline -0.002 -17"><span class='ocrx_word' id='word_1_236' title='bbox 285 3587 573 3663; x_wconf 85' lang='lat' dir='ltr'><strong>pugnant</strong></span> <span class='ocrx_word' id='word_1_237' title='bbox 613 3578 716 3647; x_wconf 90' lang='lat' dir='ltr'><strong>hic</strong></span> <span class='ocrx_word' id='word_1_238' title='bbox 757 3588 1005 3649; x_wconf 87' lang='lat' dir='ltr'><strong>veteres</strong></span> <span class='ocrx_word' id='word_1_239' title='bbox 1048 3582 1298 3661; x_wconf 76' lang='lat' dir='ltr'><strong>rivaleS,</strong></span> <span class='ocrx_word' id='word_1_240' title='bbox 1365 3579 1528 3645; x_wconf 89' lang='lat' dir='ltr'><strong>ratio</strong></span> <span class='ocrx_word' id='word_1_241' title='bbox 1573 3583 1640 3645; x_wconf 90' lang='lat' dir='ltr'><strong>et</strong></span> <span class='ocrx_word' id='word_1_242' title='bbox 1682 3580 2085 3645; x_wconf 86' lang='lat' dir='ltr'><strong>consuetudo.</strong></span> <span class='ocrx_word' id='word_1_243' title='bbox 2205 3577 2334 3643; x_wconf 88' lang='lat' dir='ltr'><strong>Sed</strong></span> <span class='ocrx_word' id='word_1_244' title='bbox 2377 3596 2521 3642; x_wconf 92' lang='lat' dir='ltr'><strong>con-</strong></span> 
     </span>
     <span class='ocr_line' id='line_1_31' title="bbox 287 3681 2525 3767; baseline -0.001 -20"><span class='ocrx_word' id='word_1_245' title='bbox 287 3682 499 3748; x_wconf 86' lang='lat' dir='ltr'><strong>fundit</strong></span> <span class='ocrx_word' id='word_1_246' title='bbox 562 3689 829 3767; x_wconf 87' lang='lat' dir='ltr'><strong>uterque</strong></span> <span class='ocrx_word' id='word_1_247' title='bbox 895 3685 1144 3750; x_wconf 82' lang='lat' dir='ltr'><strong>diversa</strong></span> <span class='ocrx_word' id='word_1_248' title='bbox 1207 3701 1467 3767; x_wconf 82' lang='lat' dir='ltr'><strong>genera,</strong></span> <span class='ocrx_word' id='word_1_249' title='bbox 1536 3700 1698 3765; x_wconf 91' lang='lat' dir='ltr'><strong>quae</strong></span> <span class='ocrx_word' id='word_1_250' title='bbox 1765 3683 2123 3748; x_wconf 88' lang='lat' dir='ltr'><strong>accuratius</strong></span> <span class='ocrx_word' id='word_1_251' title='bbox 2193 3681 2525 3762; x_wconf 86' lang='lat' dir='ltr'><strong>distinguit</strong></span> 
     </span>
     <span class='ocr_line' id='line_1_32' title="bbox 287 3784 2524 3868; baseline -0.001 -18"><span class='ocrx_word' id='word_1_252' title='bbox 287 3785 657 3868; x_wconf 87' lang='lat' dir='ltr'><strong>Apollonius</strong></span> <span class='ocrx_word' id='word_1_253' title='bbox 702 3785 858 3853; x_wconf 89' lang='lat' dir='ltr'><strong>Adv.</strong></span> <span class='ocrx_word' id='word_1_254' title='bbox 904 3784 1029 3851; x_wconf 83' lang='grc'><strong>599</strong></span> <span class='ocrx_word' id='word_1_255' title='bbox 1076 3786 1515 3853; x_wconf 84' lang='lat' dir='ltr'><strong>adverbiorum</strong></span> <span class='ocrx_word' id='word_1_256' title='bbox 1557 3785 1624 3850; x_wconf 89' lang='lat' dir='ltr'><strong>in</strong></span> <span class='ocrx_word' id='word_1_257' title='bbox 1668 3790 1785 3857; x_wconf 57' lang='lat' dir='ltr'><strong>§Tr</strong></span> <span class='ocrx_word' id='word_1_258' title='bbox 1811 3785 2175 3851; x_wconf 88' lang='lat' dir='ltr'><strong>exeuntium</strong></span> <span class='ocrx_word' id='word_1_259' title='bbox 2219 3784 2524 3864; x_wconf 82' lang='lat' dir='ltr'><strong>originem</strong></span> 
     </span>
     <span class='ocr_line' id='line_1_33' title="bbox 285 3879 2554 3976; baseline 0.001 -23"><span class='ocrx_word' id='word_1_260' title='bbox 285 3889 547 3955; x_wconf 83' lang='lat' dir='ltr'><strong>tradens</strong></span> <span class='ocrx_word' id='word_1_261' title='bbox 590 3889 926 3970; x_wconf 81' lang='lat' dir='ltr'><strong>triplicem.</strong></span> <span class='ocrx_word' id='word_1_262' title='bbox 981 3883 1024 3976; x_wconf 79' lang='grc' dir='ltr'><strong><em>ἢ</em></strong></span> <span class='ocrx_word' id='word_1_263' title='bbox 1069 3884 1223 3975; x_wconf 77' lang='grc' dir='ltr'><strong><em>παρ’</em></strong></span> <span class='ocrx_word' id='word_1_264' title='bbox 1276 3880 1516 3970; x_wconf 69' lang='grc' dir='ltr'><strong><em>όνομαι</em></strong></span> <span class='ocrx_word' id='word_1_265' title='bbox 1582 3887 1916 3968; x_wconf 86' lang='grc' dir='ltr'><strong><em>Διόθεν,</em></strong></span> <span class='ocrx_word' id='word_1_266' title='bbox 1954 3882 2434 3970; x_wconf 76' lang='grc' dir='ltr'><strong><em>Ἀβυδόθεν,</em></strong></span> <span class='ocrx_word' id='word_1_267' title='bbox 2481 3879 2554 3969; x_wconf 76' lang='grc' dir='ltr'>ἢ</span> 
     </span>
     <span class='ocr_line' id='line_1_34' title="bbox 289 3982 2524 4081; baseline -0.004 -23"><span class='ocrx_word' id='word_1_268' title='bbox 289 3985 447 4078; x_wconf 65' lang='grc' dir='ltr'><strong><em>παρ’</em></strong></span> <span class='ocrx_word' id='word_1_269' title='bbox 497 3987 838 4081; x_wconf 71' lang='grc' dir='ltr'><strong><em>ἐπίρρημα</em></strong></span> <span class='ocrx_word' id='word_1_270' title='bbox 908 3986 999 4068; x_wconf 78' lang='grc' dir='ltr'><strong>ὥς</strong></span> <span class='ocrx_word' id='word_1_271' title='bbox 1041 3990 1119 4055; x_wconf 84' lang='grc' dir='ltr'><strong><em>τὸ</em></strong></span> <span class='ocrx_word' id='word_1_272' title='bbox 1166 3986 1559 4063; x_wconf 83' lang='grc' dir='ltr'><strong><em>κάτωθεν,</em></strong></span> <span class='ocrx_word' id='word_1_273' title='bbox 1608 3982 1954 4070; x_wconf 80' lang='grc' dir='ltr'><strong><em>α’νωθεν,</em></strong></span> <span class='ocrx_word' id='word_1_274' title='bbox 2014 3984 2068 4075; x_wconf 69' lang='grc' dir='ltr'><em>η</em></span> <span class='ocrx_word' id='word_1_275' title='bbox 2123 3986 2312 4073; x_wconf 77' lang='grc' dir='ltr'><strong><em>παρὰ</em></strong></span> <span class='ocrx_word' id='word_1_276' title='bbox 2357 3982 2524 4069; x_wconf 88' lang='grc' dir='ltr'><strong><em>πρό·</em></strong></span> 
     </span>
     <span class='ocr_line' id='line_1_35' title="bbox 289 4086 2525 4209; baseline -0.003 -51"><span class='ocrx_word' id='word_1_277' title='bbox 289 4098 510 4159; x_wconf 74' lang='grc' dir='ltr'><strong><em>θεσινε</em></strong></span> <span class='ocrx_word' id='word_1_278' title='bbox 557 4089 945 4209; x_wconf 75' lang='grc' dir='ltr'><strong><em>πρόσθεν,</em></strong></span> <span class='ocrx_word' id='word_1_279' title='bbox 992 4089 1375 4177; x_wconf 78' lang='grc' dir='ltr'><strong><em>υπερθεν.</em></strong></span> <span class='ocrx_word' id='word_1_280' title='bbox 1485 4086 1697 4156; x_wconf 86' lang='lat' dir='ltr'><strong>Primo</strong></span> <span class='ocrx_word' id='word_1_281' title='bbox 1740 4092 1954 4173; x_wconf 88' lang='lat' dir='ltr'><strong>generi</strong></span> <span class='ocrx_word' id='word_1_282' title='bbox 1998 4092 2161 4155; x_wconf 89' lang='lat' dir='ltr'><strong>duae</strong></span> <span class='ocrx_word' id='word_1_283' title='bbox 2204 4088 2525 4153; x_wconf 87' lang='lat' dir='ltr'><strong>subiectae</strong></span> 
     </span>
     <span class='ocr_line' id='line_1_36' title="bbox 291 4187 2525 4277; baseline -0.004 -16"><span class='ocrx_word' id='word_1_284' title='bbox 291 4200 440 4261; x_wconf 88' lang='lat' dir='ltr'><strong>sunt</strong></span> <span class='ocrx_word' id='word_1_285' title='bbox 480 4195 757 4277; x_wconf 87' lang='lat' dir='ltr'><strong>species,</strong></span> <span class='ocrx_word' id='word_1_286' title='bbox 824 4213 950 4260; x_wconf 89' lang='lat' dir='ltr'><strong>una</strong></span> <span class='ocrx_word' id='word_1_287' title='bbox 995 4213 1032 4260; x_wconf 91' lang='lat' dir='ltr'><strong>a</strong></span> <span class='ocrx_word' id='word_1_288' title='bbox 1075 4192 1430 4259; x_wconf 88' lang='lat' dir='ltr'><strong>nominibus</strong></span> <span class='ocrx_word' id='word_1_289' title='bbox 1473 4190 1764 4275; x_wconf 84' lang='lat' dir='ltr'><strong>propriiS‚</strong></span> <span class='ocrx_word' id='word_1_290' title='bbox 1832 4190 2008 4255; x_wconf 87' lang='lat' dir='ltr'><strong>cuius</strong></span> <span class='ocrx_word' id='word_1_291' title='bbox 2054 4195 2203 4255; x_wconf 90' lang='lat' dir='ltr'><strong>sunt</strong></span> <span class='ocrx_word' id='word_1_292' title='bbox 2248 4190 2371 4254; x_wconf 90' lang='lat' dir='ltr'><strong>duo</strong></span> <span class='ocrx_word' id='word_1_293' title='bbox 2413 4187 2525 4253; x_wconf 88' lang='lat' dir='ltr'><strong>illa</strong></span> 
     </span>
    </p>
   </div>
   <div class='ocr_carea' id='block_1_7' title="bbox 292 4289 2518 4454">
    <p class='ocr_par' dir='ltr' id='par_1_8' title="bbox 292 4289 2518 4446">
     <span class='ocr_line' id='line_1_37' title="bbox 292 4289 2518 4446; baseline -0.003 -83"><span class='ocrx_word' id='word_1_294' title='bbox 292 4296 373 4374; x_wconf 84' lang='lat' dir='ltr'><strong>ab</strong></span> <span class='ocrx_word' id='word_1_295' title='bbox 438 4296 717 4366; x_wconf 86' lang='lat' dir='ltr'><strong>Homero</strong></span> <span class='ocrx_word' id='word_1_296' title='bbox 781 4301 992 4364; x_wconf 85' lang='lat' dir='ltr'><strong>sumta</strong></span> <span class='ocrx_word' id='word_1_297' title='bbox 1057 4301 1124 4363; x_wconf 90' lang='lat' dir='ltr'><strong>et</strong></span> <span class='ocrx_word' id='word_1_298' title='bbox 1186 4299 1523 4380; x_wconf 82' lang='lat' dir='ltr'><strong>praeterea</strong></span> <span class='ocrx_word' id='word_1_299' title='bbox 1586 4294 1804 4362; x_wconf 89' lang='lat' dir='ltr'><strong>decem</strong></span> <span class='ocrx_word' id='word_1_300' title='bbox 1863 4293 2160 4446; x_wconf 57' lang='lat' dir='ltr'><strong>eiusdeffi</strong></span> <span class='ocrx_word' id='word_1_301' title='bbox 2216 4289 2518 4360; x_wconf 85' lang='lat' dir='ltr'><strong>auctoris·</strong></span> 
     </span>
     <span class='ocr_line' id='line_1_38' title="bbox 394 4399 906 4454; baseline -0.002 -13"><span class='ocrx_word' id='word_1_302' title='bbox 394 4400 466 4442; x_wconf 77' lang='lat' dir='ltr'><strong>Lo</strong></span> <span class='ocrx_word' id='word_1_303' title='bbox 472 4399 535 4441; x_wconf 74' lang='lat' dir='ltr'><strong>be</strong></span> <span class='ocrx_word' id='word_1_304' title='bbox 546 4400 632 4454; x_wconf 78' lang='lat' dir='ltr'><strong>ek</strong></span> <span class='ocrx_word' id='word_1_305' title='bbox 656 4400 690 4441; x_wconf 81' lang='grc' dir='ltr'>Ρ</span> <span class='ocrx_word' id='word_1_306' title='bbox 692 4400 824 4450; x_wconf 47' lang='lat' dir='ltr'><strong>athon</strong></span> <span class='ocrx_word' id='word_1_307' title='bbox 852 4399 906 4442; x_wconf 82' lang='lat' dir='ltr'><strong>u.</strong></span> 
     </span>
    </p>
   </div>
  </div>
 </body>
</html>
