2946 4928
418 347 510 413 IV
1307 344 1803 411 PRAEFATIO.

426 512 662 577 tionem
706 511 921 576 venire
965 527 1155 592 posse
1200 508 1526 575 videretur
1567 509 1930 589 indicarem,
1983 510 2135 591 quid
2178 510 2316 592 ipse
2361 509 2667 590 scriptum

376 692 393 705 .
421 631 812 713 reliquisset,
859 633 1088 695 ceteris
1131 629 1364 694 tacitus
1416 628 1820 695 emendarem
1888 630 1943 694 si
2010 629 2161 711 quid
2225 630 2318 693 ita
2381 631 2664 693 erratum

423 750 916 832 deprehendisse
974 749 1146 814 visus
1199 767 1402 827 eram,
1471 753 1546 813 ut
1588 745 1972 815 Lobeckium
2036 750 2244 831 ipsum
2312 751 2663 812 correctum

419 871 692 937 voluisse
737 869 1100 935 arbitrarer.
1188 867 1264 932 In
1318 886 1441 949 quo
1486 870 1739 950 negotio
1803 869 1925 934 etsi
1969 873 2152 934 tanta
2215 887 2317 933 me
2360 868 2662 950 religione

424 998 611 1056 usum
655 1009 796 1056 esse
842 994 1072 1069 testor,
1119 992 1357 1071 quanta
1399 988 1564 1053 tanti
1606 989 1727 1054 viri
1769 989 2108 1054 memoriae
2152 1007 2226 1054 ac
2268 989 2504 1054 nomini
2552 988 2661 1054 de-

417 1111 634 1191 betur,
701 1115 915 1175 tamen
960 1108 1097 1174 fieri
1141 1128 1265 1174 non
1310 1108 1517 1190 potuit
1572 1109 1724 1191 quin
1788 1127 1913 1174 non
1979 1126 2124 1173 raro
2190 1109 2332 1190 plus
2398 1109 2660 1190 singulis

421 1230 633 1296 verbis
678 1233 1009 1309 mutarem,
1055 1233 1128 1293 ut
1169 1228 1270 1294 vel
1313 1228 1558 1293 hiantia
1580 1232 2086 1310 coagmentarem
2121 1228 2229 1294 vel
2252 1228 2664 1295 exuberantia

418 1355 815 1433 amputarem
858 1349 960 1414 vel
1005 1348 1432 1429 discrepantia
1477 1348 1891 1413 conciliarem.

588 1470 752 1536 Nam
797 1488 878 1535 ne
924 1469 1065 1551 quis
1110 1469 1377 1534 miretur
1421 1486 1497 1534 eo
1543 1487 1825 1533 errorum
1849 1486 2081 1550 genere
2124 1486 2248 1533 non
2278 1467 2660 1534 abstinuisse

421 1591 835 1671 Lobeckium,
901 1607 1028 1654 non
1069 1589 1492 1670 negligentiae
1535 1588 1601 1653 id
1643 1588 1867 1652 vitium
1910 1586 2047 1667 fuit,
2094 1588 2207 1654 sed
2263 1588 2659 1653 coniunctum

411 1731 554 1779 cum
599 1710 904 1793 singulari
944 1710 1081 1775 eius
1127 1709 1453 1791 diligentia
1479 1713 1669 1790 atque
1694 1707 2087 1772 assiduitate.
2179 1707 2450 1772 Tantum
2488 1708 2654 1772 enim

414 1833 599 1899 abest
639 1836 714 1897 ut
735 1828 1088 1897 confectum
1111 1833 1303 1910 atque
1326 1828 1417 1892 sic
1461 1833 1535 1892 ut
1557 1827 1803 1893 solebat
1823 1828 2202 1909 perpolitum
2237 1826 2405 1892 hunc
2426 1826 2657 1892 librum

278 1929 286 1934 ’
414 1952 773 2035 reliquerit,
841 1953 916 2014 ut
981 1949 1143 2014 aliae
1187 1948 1395 2029 operis
1458 1952 1677 2029 partes
1743 1952 1842 2012 ter
1897 1950 2246 2029 quaterque
2310 1937 2658 2030 rescriptae

420 2076 654 2152 extent,
700 2070 968 2135 aliarum
1011 2087 1089 2134 ea
1133 2072 1305 2134 certe
1349 2068 1664 2151 tractatio,
1710 2086 1900 2149 quam
1921 2072 2238 2148 postremo
2260 2066 2657 2148 probaverat,

413 2212 495 2259 ne
541 2191 623 2258 ad
666 2188 854 2256 finem
900 2187 1155 2271 quidem
1198 2187 1506 2269 perducta
1560 2188 1673 2267 sit,
1746 2188 1921 2252 velut
1989 2190 2203 2252 sextae
2262 2190 2329 2251 et
2394 2190 2654 2252 octavae

415 2310 877 2378 dissertationis
922 2307 1065 2375 finis
1112 2309 1334 2375 deesse
1399 2307 1677 2388 videtur,
1743 2327 1799 2372 v.
1834 2386 1837 2391 ,
1867 2311 2201 2388 praeterea
2262 2325 2322 2388 p.
2373 2305 2493 2371 133
2542 2326 2654 2389 ex,

411 2434 599 2499 adnn.
646 2431 728 2498 ad
757 2450 860 2514 pp.
913 2427 1052 2510 138,
1098 2427 1243 2509 209,
1290 2426 1416 2497 248
1448 2433 1614 2508 cett,
1658 2429 1723 2493 in
1770 2427 1911 2494 aliis
1936 2425 2495 2508 emendationibuS,
2542 2427 2653 2494 ad-

415 2553 806 2632 ditamentiS,
874 2550 1085 2616 lituris
1130 2550 1209 2616 de
1254 2568 1445 2614 cursu
1489 2546 1733 2613 deflexa
1777 2549 1863 2613 sit
1905 2547 2123 2613 oratio.
2213 2548 2478 2613 Accedit
2532 2548 2655 2613 alia

411 2691 534 2752 reS,
589 2690 751 2755 quae
795 2670 949 2736 mihi
995 2669 1455 2753 quodammodo
1500 2668 1920 2750 interpolandi
1965 2669 2408 2734 necessitatem
2453 2668 2652 2749 impo-

413 2794 568 2872 suit,
637 2791 1212 2857 additamentorum
1255 2787 1322 2853 id
1364 2791 1593 2869 ge'nuS,
1662 2788 1740 2852 de
1785 2806 1908 2869 quo
1962 2806 2103 2853 cum
2150 2787 2301 2853 alibi
2345 2788 2472 2853 dixi
2516 2792 2653 2853 tum

408 2914 475 2979 in
520 2912 662 2978 adn.
708 2910 790 2976 ad
832 2929 892 2992 p.
938 2908 1039 2975 94.
1131 2907 1312 2985 Quod
1355 2926 1470 2990 ego
1517 2926 1660 2973 cum
1703 2908 1880 2972 nefas
1945 2906 2248 2973 haberem
2310 2909 2498 2990 plane
2540 2926 2651 2973 ne-

411 3033 669 3115 gligere,
715 3031 809 3096 ita
852 3048 926 3095 eo
973 3047 1114 3094 sum
1157 3046 1340 3107 usuS,
1385 3033 1487 3107 ut,
1533 3028 1836 3109 quidquid
1884 3027 2207 3094 commode
2250 3045 2436 3109 posse
2478 3027 2651 3093 vide-

408 3153 552 3232 bar,
619 3151 889 3216 maxime
932 3155 1219 3215 veterum
1265 3148 1640 3229 scriptorum
1685 3147 1975 3229 exempla
2019 3152 2209 3229 atque
2272 3146 2652 3227 testimonia,

408 3273 473 3337 in
516 3270 791 3336 mediam
835 3269 1182 3335 orationem
1226 3268 1571 3333 insererem
1587 3318 1601 3347 ,
1670 3272 1884 3333 cetera
1945 3273 2019 3333 ut
2083 3273 2267 3333 erant
2329 3267 2654 3333 horridula

410 3398 604 3474 atque
649 3392 968 3472 incompta
1011 3406 1361 3471 proponere
1403 3388 1659 3452 mallem
1705 3406 1895 3470 quam
1940 3407 2079 3454 meo
2125 3388 2335 3470 aliquo
2391 3385 2654 3453 artificio

417 3512 630 3578 conari
673 3511 766 3576 ita
809 3528 1131 3590 exornare,
1178 3513 1252 3574 ut
1294 3527 1411 3574 nec
1452 3509 1753 3575 Lobeckii
1799 3514 2015 3573 essent
2057 3526 2173 3573 nec
2216 3526 2379 3574 mea.
2465 3507 2653 3573 Eius-

409 3632 580 3697 modi
625 3636 840 3696 autem
885 3629 1121 3710 omnia,
1188 3628 1464 3711 undique
1534 3628 1910 3710 conquisita,
1975 3629 2246 3693 maxime
2312 3646 2389 3692 ex
2432 3627 2653 3709 primis
2777 3657 2784 3664 ·

406 3751 870 3833 postremisque
915 3749 1305 3831 singularum
1350 3749 1869 3814 dissertationum
1913 3748 2177 3830 paginiS,
2224 3753 2296 3812 ut
2339 3767 2378 3812 a
2424 3749 2653 3814 ceteris

408 3868 918 3936 adnotationibus
943 3869 1023 3934 ab
1069 3868 1205 3951 ipso
1228 3868 1545 3936 Lobeckio
1593 3868 1726 3933 suis
1770 3867 2048 3932 numeris
2071 3867 2385 3948 insignitis
2413 3886 2652 3949 suoque

409 3992 544 4056 loco
589 3990 812 4072 positis
857 3988 1042 4056 facile
1068 3989 1341 4056 discerni
1363 3996 1642 4073 possent,
1690 3989 2056 4071 compendio
2101 3988 2326 4069 „adn.“
2374 3993 2441 4053 et
2484 3992 2651 4053 aste-

415 4112 579 4175 risco
622 4109 1015 4192 praescripto
1062 4110 1220 4176 satis
1263 4110 1586 4192 provisum
1632 4108 1920 4174 arbitror.
2028 4108 2269 4174 Eodem
2336 4109 2514 4191 signo
2580 4128 2672 4175 ac·

416 4223 752 4312 praeterea
793 4229 1041 4296 variata
1084 4230 1441 4297 litterarum
1485 4229 1686 4295 forma
1729 4229 1942 4295 notavi
1986 4248 2064 4294 ea
2126 4247 2288 4311 quae
2333 4228 2485 4293 mihi
2529 4228 2650 4310 ipsi

411 4350 765 4418 adiicienda
829 4351 1235 4433 videbantur;
1309 4369 1579 4436 quarum
1646 4350 2120 4417 adnotationum
2192 4366 2494 4444 numerus
2570 4366 2650 4413 ne
