2946 4928
821 291 937 412 nn
980 342 1388 432 ffooom
1475 331 1656 413 off.
1698 342 1751 411 r.
1795 345 1833 430 ς
1877 343 1938 411 2.
2352 307 2499 411 ἀπ

258 506 784 582 ἆποκοπτεσθαι
826 506 933 578 καὶ
979 500 1223 587 ἄλλους
1264 504 1556 594 χρόνους,
1607 501 1700 588 ὥς
1719 506 1850 590 ἔχει
1895 505 1967 574 τὸ
2014 495 2266 591 ,,οὗτα
2312 503 2503 573 ’κατὰ

260 607 627 699 λαπάρην“·
673 628 816 678 cum
857 610 977 678 hoc·
1019 616 1236 680 autem
1277 611 1361 684 ad
1401 610 1468 678 Π
1513 612 1641 677 662
1705 607 1890 679 ἕκτα
1951 610 2019 676 in
2063 609 2237 676 exitu
2279 626 2503 690 versus

256 715 533 796 positum
577 713 846 784 conferri
888 732 1076 796 posse
1121 714 1288 793 dicit,
1334 713 1389 778 si
1434 713 1625 794 alpha
1646 713 2056 795 corripiatur:
2101 706 2143 798 ἦ
2188 710 2351 779 κατὰ
2390 735 2498 780 συ-

257 818 497 904 στολὴν
542 811 903 902 ἀνάγνωσις
948 812 1263 904 ἇφορμὴν
1309 815 1457 899 ἔσχε
1504 816 1620 903 τὴν
1661 824 1778 906 τῆς
1821 812 2184 910 ἀποκοπῆς
2249 808 2505 898 ὁμοίιος

258 923 350 1007 τῷ·
397 915 580 986 οὗτοι.
669 918 804 984 Nec
826 905 1061 986 ‘tamen
1087 918 1509 986 ‚manifestum
1563 918 1746 1001 facit,
1812 937 2084 988 unamne
2148 915 2506 999 imperfecti

254 1020 535 1088 vocalem
597 1023 878 1087 recisam
952 1039 1094 1088 esse
1162 1023 1350 1104 velit,
1439 1041 1522 1088 an
1600 1024 1760 1090 duas
1838 1023 2077 1090 aoristi·
2131 1020 2354 1088 literas
2431 1024 2506 1086 ut
2612 1032 2616 1036 ·

253 1123 397 1189 ΕΜ.
445 1123 588 1189 642.
634 1123 715 1188 47
783 1116 1020 1190 οὔτασε
1086 1123 1255 1192 κατὰ
1324 1123 1660 1210 συγκοπὴν
1726 1125 1874 1208 (Sic)
1943 1116 2107 1190 οὖτα
2175 1127 2241 1189 et
2295 1122 2503 1205 Epim.

250 1228 283 1292 I
306 1226 452 1292 224.
476 1226 560 1292 20
584 1225 811 1292 ἔκτανε
843 1227 966 1292 ‘nat‘
992 1223 1312 1315 ἀποκοπῇ
1338 1224 1491 1291 ε”κτα
1540 1222 1632 1305 ὡς
1674 1225 1749 1292 τὸ
1784 1218 2025 1294 οἴτασε
2049 1217 2213 1292 οὗτοι
2258 1217 2502 1309 (οὗτοι).

251 1329 390 1395 Hoc
430 1328 873 1411 imperfectum
915 1327 1167 1394 videtur
1210 1348 1250 1394 a
1290 1328 1489 1394 verbo
1529 1328 1866 1396 obliterato
1918 1321 2158 1414 οὔτημι
2226 1327 2502 1394 declina-

250 1437 415 1513 tum,
486 1452 543 1499 v.
584 1431 874 1498 Rhemat.
919 1450 978 1513 p.
1027 1429 1168 1497 167.
1243 1431 1578 1515 ,Alterum
1644 1448 1960 1512 apocopae
2027 1430 2245 1497 eximit
2308 1430 2504 1497 schol·

249 1534 573 1604 Od.130.0
619 1534 1103 1601 ἔκτα-πολλοὶ
1149 1533 1573 1602 συστέλλουσι
1620 1533 1697 1602 τὸ
1744 1538 1792 1604 ἶ
1821 1530 2196 1616 νομίζοντες
2241 1529 2500 1600 ἆποκο-

250 1640 382 1725 πὴν
426 1628 623 1705 εἶναι·
669 1634 710 1703 ὅ
754 1636 828 1704 δὲ
862 1634 1289 1723 Ἀρίσταρχος
1313 1636 1600 1704 ἐκτείνει.
1676 1636 1815 1711 ,Hic
1837 1636 2095 1702 dubium
2126 1642 2244 1717 est,
2287 1641 2502 1702 utrum

252 1739 406 1806 ἔκτα
449 1739 892 1822 imperfectum
937 1758 1079 1805 esse
1122 1739 1394 1805 voluerit
1436 1743 1829 1805 contractum
1892 1744 1969 1804 ut
2010 1737 2192 1827 ἔχρα,
2267 1755 2349 1805 an
2393 1758 2500 1805 ao-

248 1844 478 1910 ristum
518 1849 593 1908 ut
633 1841 778 1908 EM.
824 1840 968 1907 324.
1013 1842 1096 1907 27
1145 1837 1284 1908 ἀπὸ
1331 1848 1445 1909 τοῦ
1491 1844 1688 1925 κτῆμι
1734 1839 1771 1908 ὅ
1819 1837 2126 1929 δεύτερος
2186 1836 2503 1929 ἆόρ“ιστος
2599 1858 2612 1868 ’

250 1944 438 2032 ἕκτην
482 1945 592 2010 καὶ
640 1947 927 2034 συστολῇ
974 1943 1196 2021 ἔκταν,
1265 1947 1428 2030 quae
1473 1945 1710 2026 systole
1753 1937 2056 2012 tribuitur
2098 1943 2327 2010 Ionicis
2394 1945 2497 2015 Ze.-

247 2048 584 2130 λασμὲνος,
635 2044 1109 2133 λάξιςζδάγμα,
1129 2046 1439 2113 v;Parall.
1463 2044 1595 2113 402
1640 2047 1802 2131 [cap.
1827 2047 1936 2128 VI,
1963 2064 2157 2130 supra
2185 2066 2247 2129 p.
2278 2044 2491 2132 69].-

250 2148 501 2216 Oertius
545 2167 862 2230 apocopae
892 2150 1334 2216 documentum
1375 2149 1646 2231 praebet
1664 2149 1929 2215 Photius
1975 2153 2044 2213 11
2058 2175 2101 2215 α
2116 2152 2154 2216 ῦ
2198 2148 2275 2215 τὸ
2322 2175 2421 2217 πα
2430 2153 2500 2216 ῦ-

250 2275 361 2318 σαι
408 2253 676 2338 λέγουσι
717 2249 1255 2337 μονοσυλλάβως,
1301 2257 1370 2318 et
1407 2252 1787 2327 Eusthatius
1839 2249 2021 2316 1408.
2046 2249 2130 2317 28
2195 2252 2273 2317 τὸ
2321 2255 2497 2320 παῦ’-

250 2378 362 2422 σαι
407 2358 550 2422 παῦ
595 2353 817 2439 ἔλεγον
859 2351 1370 2438 μονοσυῖλᾶβως
1427 2353 1596 2421 κατὰ
1640 2350 1892 2421 Αἴλιον
1934 2351 2309 2434 Διονύσιον,
2374 2373 2499 2438 quo

248 2458 429 2525 nixus
471 2456 817 2547 Elmsleius
883 2458 1052 2540 apud
1096 2456 1584 2539 Aristophanem
1633 2461 1774 2525 παῦ
1841 2460 2019 2526 παῦε
2082 2458 2366 2524 restituit
2434 2463 2501 2524 et
2621 2512 2637 2529 .

251 2560 372 2627 alio
414 2562 554 2627 loco
599 2565 731 2626 παῖ
775 2564 934 2629 παῖε
976 2549 1311 2642 probante
1329 2560 1721 2627 Hermanno
1741 2563 1823 2628 ad
1865 2561 2073 2627 Prom.
2125 2544 2272 2627 565.
2361 2561 2501 2627 Hoc

248 2662 699 2743 perincertum,
766 2662 861 2727 illi
900 2681 1024 2728 non
1069 2659 1408 2730 dissimiles
1475 2670 1627 2731 sunt
1680 2656 2063 2747 imperativi,
2132 2680 2289 2744 quos
2335 2661 2497 2728 Ger

127 2827 134 2836 ,
249 2766 416 2831 mani
478 2765 1035 2848 epiphonematum
1099 2765 1234 2831 loco
1287 2772 1627 2850 usurpant:
1698 2765 1818 2854 qqh
1856 2764 2016 2854 qelz!
2102 2763 2257 2849 lauf
2311 2764 2497 2849 lauf!

250 2865 418 2933 kalt!
455 2879 529 2917 ⁴-
561 2867 659 2932 Ab
705 2868 1203 2951 epiphonematis
1246 2887 1374 2935 non
1414 2870 1601 2952 longe
1632 2871 1875 2937 distant
1894 2867 2182 2948 vocativi,
2228 2885 2501 2951 quorum

252 2969 371 3035 duo
391 2975 654 3053 propter
675 2970 1091 3036 mobilitatem
1115 2971 1299 3053 epsili
1324 2971 1788 3054 disceptantur:
1814 2963 1868 3039 ὦ
1892 2967 1929 3058 ἦ
1950 2973 1987 3037 λ
2002 2973 2037 3038 έ
2073 2977 2141 3039 et
2185 2961 2239 3037 ὦ
2281 2995 2328 3054 μ
2343 2970 2427 3038 έλ
2444 2995 2494 3036 ε.

250 3070 410 3137 Nam
451 3090 648 3155 quum
691 3073 978 3138 neutrius
1021 3073 1381 3153 reperiatur
1410 3075 1835 3141 nominativus
1857 3074 2226 3158 bisyllabuS,
2273 3073 2497 3155 quaeri

254 3174 427 3254 solet,
467 3181 686 3241 utrum
727 3192 1006 3259 apocope
1028 3174 1311 3256 subierit,
1357 3195 1441 3242 an
1461 3195 1750 3261 syncope,
1793 3197 1851 3243 v.
1874 3177 2140 3243 Elemm.
2164 3175 2197 3240 I
2239 3174 2385 3240 257.
2419 3211 2490 3223 -—

254 3274 489 3343 Eadem
532 3277 842 3343 dubitatio
884 3277 1008 3347 fuit
1049 3278 1130 3344 de
1149 3277 1486 3345 Homerico
1532 3272 1754 3355 ῗίσσε,
1789 3279 1971 3361 'quod
2013 3279 2122 3360 qui
2142 3277 2331 3343 duale
2355 3294 2497 3342 esse

255 3385 510 3447 sumunt
547 3396 664 3462 pro
708 3380 800 3447 τὼ
846 3373 1072 3458 bocas,
1103 3381 1350 3447 nescire
1395 3397 1465 3446 se
1508 3380 1819 3462 fatentur‚.
1873 3380 2143 3446 duarum
2184 3378 2497 3446 vocalium

253 3485 711 3561 postremarum
751 3487 900 3549 utra
941 3482 1189 3548 abiecta
1231 3483 1333 3563 sit„
1398 3501 1456 3548 v.
1501 3482 1766 3549 Elemm.
1810 3481 1847 3547 Ι
1887 3481 2044 3563 2613
2110 3482 2221 3547 alii
2262 3481 2494 3563 plurali

255 3581 334 3647 τὰ
382 3579 582 3667 &cosa
627 3584 832 3667 alpha·
862 3584 1215 3651 detractum
1237 3590 1543 3651 statuunt.
1631 3585 1865 3651 Poetae
1887 3584 2010 3667 ipsi
2033 3603 2175 3650 cum
2197 3584 2495 3666 epithetis

255 3685 580 3768 utriusque
589 3687 837 3755 numeri
850 3688 1252 3769 coniungunt,
1262 3688 1447 3754 modo
1457 3688 1741 3770 pluralis,
1755 3694 1829 3754 ut
1840 3685 2080 3776 φαεινά
2092 3688 2167 3752 11.
2179 3685 2339 3751 XIII
2348 3684 2497 3766 435,
2584 3764 2603 3781 .

259 3791 648 3874 πεφυρμένα
670 3789 876 3870 Apoll.
915 3788 1013 3855 111
1038 3787 1182 3869 673,
1227 3808 1392 3872 quae
1424 3795 1699 3856 metrum
1720 3789 1941 3871 poscit,
1987 3795 2055 3855 et
2097 3784 2493 3871 αἱματόεντα

252 3889 450 3971 χαμαὶ
496 3892 701 3959 πέσον
743 3891 815 3956 ΙΙ.
859 3889 1020 3957 XIII
1064 3891 1208 3971 617,
1255 3893 1791 3958 κακοσταθέουτα
1835 3890 1970 3957 Nic,
2008 3880 2309 3971 Τ11.431,’
2336 3885 2496 3969 ὀξέα

254 3988 850 4074 Apollon.1V1466‚
883 3986 1034 4061 ὄσσε
1060 3994 1136 4061 δέ
1186 3991 1248 4060 οἱ
1270 3991 1645 4080 μάρμαιρεν
1670 3989 1937 4062 ἆνειδέα
1961 3992 2170 4071 Quint
2193 3992 2321 4058 XII
2349 3991 2496 4071 537,

257 4092 479 4171 quibus
520 4096 697 4163 nulla
737 4096 1042 4163 eiusmodi
1083 4097 1246 4162 ratio
1293 4097 1542 4176 subest,
1611 4101 1679 4162 et
1726 4114 1948 4162 rursus
1993 4110 2135 4161 cum
2181 4093 2497 4174 dualibus,

256 4209 376 4261 non
396 4197 580 4265 modo
607 4199 795 4264 metri
820 4215 1049 4265 causa:
1089 4193 1487 4286 ἀνδροφόνου
1512 4197 1718 4281 βάλεν
1740 4192 1899 4266 ὄσσε
1923 4198 2123 4280 Orph.
2152 4194 2323 4261 Lith.
2346 4194 2495 4273 539,

258 4296 370 4361 sed
392 4299 586 4383 etiam
603 4302 740 4369 sine
781 4299 1143 4369 huiusmodi
1166 4301 1444 4383 ration'e,
1488 4305 1562 4367 ut
1600 4302 1671 4375 in
1713 4302 1891 4368 exitu
1934 4318 2185 4365 versus:
2233 4293 2497 4383 φαιινιό
2610 4298 2615 4301 ’

1922 4384 2035 4450 18*
