2946 4928
1564 100 1598 110 s

390 323 519 392 232
795 365 802 368 -
1160 317 1718 388 DISSERTATIO
1773 320 1914 390 VII.

397 507 613 556 corum
658 491 808 553 sunt
850 496 1126 569 propria,
1175 480 1399 570 δευρί
1442 484 1623 550 Dem.
1666 503 1728 566 p.
1775 482 1915 550 Cor.
1961 484 2107 549 272.
2154 480 2279 548 232
2324 481 2508 567 (305)
2573 489 2642 550 et

323 671 336 674 -
387 591 645 657 Lucian.
693 588 934 671 Catapl.
980 590 1016 675 ς
1067 589 1141 655 11
1188 608 1250 671 p.
1274 587 1400 653 387
1448 587 1523 654 T.
1563 588 1612 669 Ι,
1660 586 1860 655 ἔνθα
1881 584 1958 653 δι’
2005 585 2416 667 Aristophani
2457 584 2639 651 fami-

388 696 547 761 liare
589 694 655 759 in
697 692 859 758 Plat.
884 692 1041 758 Tim.
1064 692 1146 758 23
1192 710 1228 757 e
1273 691 1480 757 tribus
1525 691 1845 757 codicibus
1889 693 2217 771 receptum
2270 693 2386 754 est.
2453 689 2641 771 Apud

389 796 647 862 eosdem
690 794 1029 878 scriptores
1072 794 1306 877 legitur
1351 794 1478 861 ἐντ
1498 793 1728 875 αυθί,
1801 794 1913 859 sed
1982 793 2303 875 plerisque
2368 793 2434 858 in
2486 793 2640 858 locis

393 898 734 964 intervenit
776 893 1105 978 ἐνταυθοῖ,
1151 899 1319 981 quod
1365 898 1556 963 schol.
1601 898 1778 963 Dem.
1827 917 1876 963 c.
1924 898 2188 964 Timocr.
2235 894 2383 980 §82
2426 914 2487 977 p.
2519 893 2636 959 116

387 1001 449 1067 b.
493 999 579 1074 20
624 1000 721 1066 ed.
769 999 993 1084 Turio„
1036 1020 1097 1084 p.
1124 999 1266 1067 765.
1312 1002 1396 1066 22
1440 1001 1540 1066 ed.
1566 1001 1749 1066 Dind.
1796 1000 1998 1065 solum
2042 998 2294 1082 probat:
2342 994 2638 1065 ἐνταῦθα

393 1104 507 1171 καὶ
554 1100 895 1184 ἐνταυθοῖ,
949 1100 1026 1168 οὗ
1069 1102 1199 1189 μὴν
1242 1101 1544 1179 ἔνταυθί,
1592 1107 1660 1169 et
1700 1104 2013 1169 consentit
2051 1103 2455 1168 Hermannus
2500 1101 2640 1167 alii-

391 1223 517 1289 que
539 1209 917 1284 nostrorum,
964 1225 1019 1270 v.
1042 1204 1293 1271 Weber.
1319 1206 1401 1271 ad
1424 1206 1748 1272 Demosth.
1774 1224 1825 1274 c.
1846 1206 2150 1272 Aristocr.
2170 1206 2315 1286 221,
2336 1205 2647 1271 Fritzsch.

399 1311 483 1376 ad
526 1309 775 1374 Thesm.
819 1327 879 1390 p.
927 1307 1038 1388 78,
1094 1308 1325 1391 Enger.
1382 1309 1464 1373 ad
1507 1308 1771 1390 Lysistr.
1815 1309 1918 1375 84.
2005 1310 2082 1374 In
2124 1310 2507 1391 tragicorum
2551 1306 2647 1373 fa-

391 1412 559 1478 bulis
628 1395 791 1495 {luae
854 1410 1153 1493 leguntur
1219 1413 1310 1478 sic
1352 1411 1627 1495 figurata
1670 1412 1798 1478 iam
1843 1412 1951 1477 diu
1997 1417 2294 1494 suspecta
2337 1417 2486 1477 sunt
2527 1411 2653 1476 hoc

395 1515 660 1581 iustiore
701 1513 948 1582 ratione
961 1564 977 1594 ,
1044 1515 1212 1596 quod
1256 1516 1321 1582 in
1367 1515 1628 1581 canticis
1674 1520 2042 1595 occurrunt,
2097 1516 2350 1580 dativus
2397 1512 2561 1601 τῳδί
2582 1513 2649 1596 *.)

395 1619 496 1684 bis
541 1618 712 1700 apud
754 1617 1154 1701 Euripidem,
1222 1619 1419 1684 semel
1479 1616 1668 1684 ταυτί
1735 1622 1801 1684 et
1870 1616 2040 1695 νυνί,
2109 1638 2167 1684 v,
2211 1615 2496 1683 Dindorf.
2562 1616 2653 1682 ad

401 1720 621 1805 Suppl.
669 1720 795 1789 306
822 1720 939 1804 **).

572 1822 1078 1891 Sciscitantibus
1084 1828 1314 1905 autem,
1359 1823 1528 1889 unde
1544 1824 1752 1889 Attici
1782 1824 1946 1889 hanc
1988 1775 2240 1890 literam
2270 1825 2651 1907 acceperint,

392 1928 788 2011 grammatici
830 1927 897 1991 in
918 1927 1288 1991 memoriam
1330 1932 1631 1992 revocant
1650 1945 1996 2016 pronomen
2020 1927 2376 1994 obsoletum
2418 1928 2654 1993 tertiae

393 2048 732 2114 personae,
801 2028 881 2093 de
928 2046 1052 2109 quo
1095 2027 1301 2110 Epim.
1347 2028 1380 2092 I
1426 2029 1524 2106 70.
1573 2030 1653 2095 27
1700 2031 2006 2112 loquitur:
2077 2026 2218 2097 ἀντὶ
2287 2034 2406 2096 τοῦ
2480 2026 2652 2094 ἰῶτα

394 2134 542 2217 (scr.
591 2129 735 2199 ἀντὶ
784 2137 900 2197 τοῦ
942 2128 1003 2214 ἵ)
1049 2131 1512 2219 ἐφευρέθησαν
1547 2129 1617 2200 αἶ
1638 2132 1960 2218 τέσσαρες
1987 2128 2399 2216 ἅντωνυμίαι
2423 2129 2650 2217 αὐτός,

355 2285 362 2290 »
396 2234 667 2318 ἐκεῖνος,
718 2225 796 2301 οὗ
802 2259 935 2314 τος,
984 2230 1115 2301 ὅδε.
1195 2233 1441 2299 Horum
1484 2233 1681 2317 igitur
1727 2236 1973 2303 duobus
2016 2255 2359 2319 pronomen
2403 2237 2654 2301 thema-

398 2341 593 2408 ticum
638 2338 925 2405 additum
969 2355 1112 2406 esse
1156 2339 1585 2421 suspicantur:
1647 2346 1765 2410 τοῦ
1811 2338 2039 2428 τρίτου
2086 2335 2461 2428 προσώπου
2507 2338 2652 2405 ἐστὶ
2683 2344 2701 2360 “

398 2443 540 2510 ἰδ’
523 2440 553 2511 ι’
593 2441 703 2509 καὶ
747 2438 1053 2529 σημαίνει
1101 2441 1175 2508 τὸ
1225 2430 1420 2521 οὗτος
1462 2436 1509 2530 ἢ
1553 2441 1824 2522 ἐκεῖνος
1895 2438 2049 2511 καθ’
2102 2440 2293 2510 ἑαυτὸ
2349 2443 2470 2525 μὲν
2514 2439 2651 2509 κεί-

394 2537 592 2631 μενον
637 2539 892 2632 εὑρέθη
941 2540 1270 2629 οὐδαμοῦ,
1316 2544 1490 2616 ἔοικε
1535 2546 1610 2614 δὲ
1657 2541 1795 2631 ἀπὸ
1843 2551 1962 2632 τῆς
2004 2550 2129 2612 τῶν
2156 2542 2465 2617 Ἀττικῶν
2494 2545 2647 2631 χρή-

399 2674 566 2729 σεως
611 2644 928 2737 εἰρῆσθαι
972 2646 1254 2715 ἐκεινοσί
1301 2650 1411 2714 καὶ
1458 2644 1693 2716 οὑτοσί
1741 2649 1933 2715 schol.
1978 2648 2161 2715 Dion.
2208 2647 2353 2715 916.
2405 2649 2501 2729 12,
2548 2653 2651 2715 at-

398 2772 522 2837 que
587 2751 708 2818 hoc
749 2751 1109 2817 Ellendtius
1164 2755 1376 2817 ratum
1435 2751 1632 2817 habet
1673 2751 1824 2818 Lex.
1872 2750 2062 2834 Soph.
2108 2751 2140 2816 I
2182 2751 2329 2818 823.
2415 2751 2492 2819 In
2535 2752 2650 2821 de-

399 2854 793 2922 clinabilibus
837 2855 1010 2920 hisce
1054 2855 1150 2919 vis
1197 2854 1695 2920 demonstrativa
1739 2855 1909 2921 clare
1953 2861 2222 2940 apparet
2249 2873 2365 2922 nec
2387 2872 2653 2938 prorsus

308 2973 314 2981 ’
398 2959 736 3026 obsuratur
786 2959 854 3024 in
898 2957 1195 3023 adverbio
1253 2955 1410 3024 νυνί.
1445 2971 1450 2975 ·
1518 2956 1642 3023 Pro
1686 2959 1821 3024 iota
1861 2959 2072 3024 Latini
2114 2959 2430 3040 particula
2471 2959 2640 3024 inse-

296 3145 299 3149 ,
400 3061 670 3145 parabili
711 3064 1007 3126 utuntur:
1063 3081 1299 3124 nuncce
1308 3108 1328 3142 ,
1391 3082 1558 3124 nunc
1567 3107 1587 3140 ,
1665 3060 1892 3128 Graeci
1935 3062 2255 3129 interdum
2297 3052 2645 3144 pronomen

536 3297 590 3364 *)
624 3300 708 3353 Dc
742 3299 833 3352 hoc
860 3319 1047 3368 genere
1081 3302 1357 3370 separatim
1388 3288 1541 3368 insi-a
1573 3320 1626 3370 p.
1661 3301 1779 3357 241.
1804 3320 1882 3370 sq.

505 3383 591 3451 *³¹7
627 3387 768 3453 „Sed
805 3390 895 3454 qui
930 3406 963 3442 a
996 3390 1329 3442 Mehlhornio
1365 3406 1586 3457 gramm.
1622 3391 1665 3441 1-
1690 3386 1794 3443 246
1829 3389 2018 3442 eodem
2066 3405 2185 3441 cum
2221 3390 2438 3454 tragicis
2475 3389 2649 3440 edicto

401 3473 912 3541 comprehenduntur
944 3477 1283 3531 historiarum
1318 3479 1600 3543 scriptores
1635 3479 1741 3531 huc
1777 3478 1987 3542 saepius
2025 3474 2375 3536 descendunt,
2413 3476 2460 3525 si
2495 3490 2651 3540 quem

380 3561 701 3630 xloquentem
734 3561 1017 3613 inducunt:
1073 3564 1237 3614 ταυτί)
1258 3562 1428 3615 Thnc.
1463 3564 1547 3613 111
1585 3561 1702 3616 113.
1739 3563 1803 3626 4,
1859 3557 2047 3614 οὑτοσί
2090 3564 2143 3613 et
2177 3561 2447 3611 inferiores
2493 3576 2650 3611 casus

398 3649 456 3698 in
492 3647 853 3714 Xenophontis
888 3647 1125 3698 Anabasi
1161 3653 1214 3699 et
1247 3649 1554 3700 Hellenicis.
1608 3635 1812 3701 Similia
1843 3648 2092 3717 leguntur
2126 3649 2182 3698 in
2204 3647 2413 3712 scriptis
2451 3661 2651 3710 corum,

403 3736 493 3799 qui
527 3734 665 3785 infra
698 3732 902 3785 Atticos
939 3739 1246 3799 censentur,
1294 3737 1488 3801 partim
1539 3737 1594 3786 in
1630 3734 1881 3801 dialogis,
1935 3735 2122 3800 partim
2160 3738 2330 3784 extra:
2388 3732 2532 3783 τουτὶ
2588 3727 2649 3784 τὸ

400 3816 735 3885 παιζόμενον
777 3821 1047 3873 Plutarch.
1085 3821 1263 3887 Symp.
1300 3822 1328 3871 I
1365 3823 1581 3886 Quaest.
1617 3823 1666 3875 V
1701 3838 1748 3876 c.
1787 3819 1814 3874 l
1862 3838 1914 3888 p.
1949 3816 2054 3871 622
2093 3821 2166 3884 D,
2223 3817 2373 3871 τουτὶ
2425 3813 2650 3887 Ἐρασί-

400 3920 630 3973 στρατος
679 3901 924 3974 ἠπόρησε
974 3908 1077 3960 V11
1131 3909 1195 3971 Q.
1249 3908 1276 3958 1
1330 3924 1376 3959 c.
1434 3908 1458 3960 l
1517 3925 1569 3974 p.
1604 3902 1708 3959 698
1760 3908 1852 3972 R,
1911 3901 2098 3973 οὑτοσὶ
2154 3904 2261 3975 ἔφη
2297 3905 2543 3977 Philostr.
2594 3922 2648 3956 V.

399 3991 571 4057 Apoll.
606 3991 634 4041 1
675 3988 731 4044 ll
771 4008 821 4058 p.
862 3990 953 4058 12,
1010 3996 1120 4052 τοῖς
1165 3991 1414 4052 ἐπαίνοις
1459 3993 1702 4045 τουτοισὶ
1761 3992 1855 4043 καὶ
1891 3981 2076 4060 λόγοις
2110 3986 2299 4043 Liba'n.
2337 3992 2486 4055 Decl.
2531 3990 2587 4044 Τ.
2621 3992 2651 4042 1

389 4073 520 4128 ¹181.
557 4076 606 4140 8,
629 4082 870 4143 ταυτησί
899 4080 1124 4135 Lucian.
1158 4081 1362 4133 Amorr.
1399 4081 1429 4143 ξ
1464 4077 1500 4134 9
1534 4097 1586 4145 p.
1614 4062 1719 4131 296
1755 4076 1818 4130 Τ.
1830 4079 1965 4141 111,
1992 4070 2235 4143 ἔκεινησί
2269 4072 2493 4130 Charon.
2531 4072 2650 4140 §13

403 4180 455 4230 p.
490 4159 595 4217 295
631 4163 695 4217 Τ.
731 4165 772 4227 1,
811 4166 1033 4231 ταυτηνὶ
1069 4160 1167 4231 τὴν
1204 4159 1496 4229 ἐπιστολήν
1530 4166 1729 4218 Julian.
1765 4164 1867 4233 Ep.
1902 4166 2027 4216 LIX
2066 4165 2194 4229 121,
2241 4164 2336 4217 sed
2370 4179 2651 4230 nusquam,

278 4295 287 4307 .
349 4245 354 4253 ’
399 4244 447 4301 si
480 4248 708 4317 memini,
743 4249 963 4317 ἔκεινηί,
1002 4248 1178 4318 αὑτηί,
1213 4249 1468 4314 τοιουτοΐ,
1504 4253 1715 4304 nedum·
1724 4248 2021 4305 ἔκεινουίέ·
2055 4251 2200 4305 Haeo
2223 4251 2397 4319 primo
2429 4248 2486 4301 in
2512 4250 2652 4302 ordi·

405 4352 521 4388 nem
551 4345 771 4406 recepta,
802 4346 917 4407 post
950 4339 1158 4393 exclusa
1188 4340 1521 4408 reperimur
1554 4339 1613 4393 in
1628 4346 1768 4391 meto.
