2946 4928
641 333 757 399 DE
800 330 1597 402 PROSGHEMATISMO.
1676 336 1745 404 P.
1768 337 1817 404 Ι.
1865 337 2006 404 O.1.
2054 339 2108 423 ξ.
2134 338 2192 403 3.
2415 338 2532 405 151

288 496 631 578 potestatis
653 496 979 564 adverbia:
1012 497 1282 585 νεκροὺς
1306 490 1347 566 ἷί
1360 526 1448 567 πι
1463 506 1661 568 σθεν
1685 499 1972 583 θέμενος
1992 499 2372 582 Eur.Suppl.
2388 501 2531 583 667,

289 599 406 664 ubi
468 617 634 665 unus
677 600 874 665 Paris,
920 601 995 666 A.
1041 602 1351 682 dissentit,
1418 603 1538 668 sed
1601 620 1819 668 omnes
1883 608 2144 669 tuentur
2207 604 2532 685 vulgatum

288 701 429 782 Iph.
476 701 546 766 T.
596 700 760 767 1333
806 700 973 791 αὕτη
1022 701 1078 770 δ’
1128 697 1404 778 ὄπισθε,
1468 724 1587 771 nec
1628 707 1870 771 minore
1914 710 2221 772 concentu
2264 706 2534 771 alterum

292 800 551 868 κόλπον
595 803 708 869 τὸν
754 797 1047 871 &frica-9⁸2»
1093 806 1207 872 καὶ
1249 807 1515 890 Lysistr.
1567 808 1757 887 1170,
1825 809 1940 872 sed
1981 810 2049 873 in
2091 808 2291 872 altero
2333 808 2532 873 hemi-

290 905 518 971 Stichio
568 899 843 977 ,ὅπισθέ
887 933 1019 988 μου
1063 904 1264 996 τίθης
1306 906 1473 991 Cycl.
1520 906 1665 973 545.
1794 909 1870 974 In
1912 909 2217 990 principio
2259 910 2528 974 trimetri

294 1007 408 1073 καὶ
448 1003 566 1086 τάς
611 1032 682 1073 τε
729 1007 1093 1096 πρόσθεν
1138 1011 1258 1090 τὰς
1299 1011 1509 1093 Ant-ig.
1533 1009 1661 1077 434
1704 1011 1895 1077 Laur.
1924 1011 1999 1075 A.
2037 1008 2303 1098 πρόσθε
2345 1029 2531 1092 prae-

293 1110 419 1190 bet,
462 1111 632 1192 quod
653 1110 820 1177 Flor.
866 1114 1094 1179 tertius
1137 1112 1417 1196 praefert
1446 1113 1800 1178 tralaticiae
1826 1115 2175 1195 scripturae
2195 1113 2262 1179 in
2283 1114 2381 1179 El.
2403 1112 2531 1179 918

286 1212 424 1300 νῷν
485 1209 543 1280 δ’
590 1206 671 1300 ἦν
733 1214 815 1279 τὰ
885 1209 1187 1301 πρόσθεν
1241 1213 1555 1301 στυγνός,·
1602 1215 1717 1280 Sed
1759 1215 1954 1280 Andr.
1999 1215 2084 1281 54
2152 1213 2223 1282 εἴ
2259 1238 2405 1295 πως
2450 1216 2531 1281 τὰ

287 1311 563 1401 πρόσθε
595 1312 928 1405 σφάλματ’
955 1324 1281 1401 receptum
1325 1323 1426 1383 est
1455 1337 1493 1383 e
1515 1335 1625 1383 sex
1648 1316 1982 1397 codicibuS,
2027 1318 2320 1401 idemque
2342 1320 2531 1402 vulgo

284 1418 522 1500 legitur
565 1419 716 1484 Eur.
765 1419 979 1501 Suppl.
1005 1419 1130 1485 514
1176 1419 1289 1487 καὶ
1332 1415 1822 1507 μὴ’πέπροσθε
1864 1423 2013 1495 τῶν,
2062 1421 2164 1486 cui
2208 1422 2332 1487 duo
2361 1422 2529 1488 Flor.
2654 1414 2662 1419 ⁴

284 1538 628 1587 eonsonam
672 1521 1043 1602 subtexunt;
1102 1524 1239 1588 sine
1282 1524 1415 1589 ulla
1456 1541 1607 1589 vero
1653 1522 2113 1604 discrepatione
2156 1525 2404 1616 κλέψας
2445 1525 2529 1590 τὰ

288 1619 562 1710 πρόσθε
630 1620 965 1711 σφάλματ’
1017 1625 1231 1707 Suppl.
1275 1626 1402 1692 416
1428 1678 1435 1687 .
1466 1630 1536 1691 et
1595 1626 1738 1707 pari
1791 1627 2146 1691 constantia
2210 1621 2291 1692 ἴτ’
2341 1624 2410 1703 ἐς
2452 1624 2527 1691 τὸ

286 1722 597 1811 πρόσθεν
662 1731 855 1814 στῆτε
921 1727 1059 1810 Iph.
1103 1729 1177 1793 A.
1223 1727 1348 1793 609
1421 1726 1623 1812 (619).
1717 1724 1828 1791 ‘In
1892 1727 2060 1807 thesi
2095 1728 2528 1810 quinti-pedis

286 1824 560 1913 πρόσθε
604 1824 665 1895 δ’
714 1821 1012 1897 ὄλλυσαι·
1056 1829 1212 1896 Oed.
1258 1828 1324 1897 C.
1371 1827 1516 1911 394,
1560 1826 1821 1916 πρόσθε
1867 1833 1981 1896 νῦν
2021 1826 2132 1897 ἴθι
2175 1829 2526 1895 Rann.287

285 1935 355 1997 et
395 1931 466 1995 111
508 1932 854 2013 septenarii
896 1932 1215 1998 trochaici.
1239 1933 1401 2014 pede
1447 1937 1675 2014 quarto
1722 1928 1864 1998 ἀλλ’
1915 1928 2148 2018 ἔπειγ’,
2198 1927 2288 2012 ὥς
2328 1929 2420 2019 μή
2449 1957 2526 2000 σε

285 2029 558 2119 πρόσθε
603 2038 840 2121 ψῆφος
875 2029 1184 2120 Ἀργείων
1237 2031 1408 2123 λάβῃ
1454 2033 1661 2100 Orest.
1709 2033 1851 2100 788.
1939 2033 2015 2105 In
2059 2036 2330 2101 decursu
2370 2036 2527 2100 iam-

280 2133 411 2199 bioi
475 2137 708 2201 senarii
773 2134 1042 2222 πρόσθε
1089 2139 1371 2223 δυστυχῆ
1427 2137 1561 2201 Ion.
1612 2134 1775 2200 1457
1820 2138 1888 2202 et
1945 2132 2225 2224 4πρόσθε
2271 2139 2528 2219 τειχέων

288 2235 506 2319 suppl.
554 2236 709 2318 665,
757 2239 871 2304 sed
913 2238 1017 2303 hio
1059 2238 1423 2305 Dindorfius
1466 2242 1761 2319 testatur,
1825 2239 2021 2309 libros
2068 2236 2375 2326 πρόσθεν
2420 2259 2526 2309 ex-

285 2339 526 2405 hibere.
628 2339 787 2407 Fixa
827 2359 979 2409 vero
1021 2345 1307 2422 rataque
1330 2341 1396 2405 in
1440 2339 1729 2407 omnibus
1772 2342 1945 2421 10815,
2003 2342 2239 2423 quibus
2281 2342 2529 2424 syllaba

282 2440 648 2510 indifferens
691 2444 1080 2525 permittitur
1093 2494 1109 2524 ,
1178 2447 1278 2511 est
1339 2443 1703 2509 terminatio
1748 2441 2207 2524 adverbiorum,
2274 2463 2437 2527 quae
2495 2449 2528 2516 ὅ

272 2546 544 2627 longum
585 2546 650 2611 in
692 2547 1042 2628 penultima
1082 2546 1349 2612 habent:
1419 2542 1627 2612 ἓλοέειν
1671 2542 2041 2612 κάτωθεν
2082 2545 2290 2613 Nubb.
2343 2548 2523 2628 1281,

282 2648 456 2730 quod
486 2647 700 2713 Alexis
743 2649 810 2712 111
851 2649 1057 2729 prima
1096 2651 1278 2731 pedis
1323 2650 1485 2716 sexti
1529 2648 1771 2733 syllaba
1814 2649 2001 2714 metri
2043 2653 2264 2715 coactu
2302 2649 2523 2714 decur-

281 2752 445 2816 tavit
464 2751 716 2833 Fragm.
737 2742 875 2816 Vol.
899 2750 1164 2834 111437,
1212 2748 1370 2831 νεώς
1414 2745 1524 2819 ὄπ
1539 2757 1752 2838 ωιθ-εν
1774 2749 1909 2832 Iph.
1937 2750 2006 2814 T.
2034 2749 2173 2830 108,
2196 2749 2523 2832 Pluton,

284 2853 603 2920 ἔσωθεν
666 2852 801 2935 Iph.
871 2853 940 2917 T.
985 2851 1087 2933 41,
1154 2855 1289 2938 Iph.
1355 2854 1414 2919 A
1462 2851 1646 2934 1543,
1708 2846 2026 2919 ἄνωθεν
2089 2852 2311 2935 Agam.
2376 2853 2523 2934 838,

280 2956 424 3022 Hel.
477 2953 660 3036 1014,
710 2955 976 3022 Troadd.
1007 2957 1188 3039 1231,
1236 2958 1505 3024 Acharn.
1529 2955 1655 3022 433
1702 2960 1770 3022 et
1812 2973 1922 3020 sex
1967 2955 2107 3021 aliis
2151 2954 2521 3040 Aristopha-

132 3099 145 3112 ·
281 3059 384 3124 nis
428 3058 600 3138 looiS‚
647 3060 754 3141 qui
798 3060 998 3126 semel
1039 3061 1106 3126 111
1149 3058 1512 3141 anapaestis
1542 3057 1708 3123 Ecol.
1734 3056 1859 3123 698
1905 3050 2113 3124 ἄνωθ’
2162 3059 2542 3140 usurpavit,

282 3160 510 3228 ἔσωθε
552 3159 829 3242 Choeph.
881 3160 1005 3227 788
1071 3167 1275 3229 metro
1318 3164 1625 3243 arguente
1670 3161 2154 3230 exterminatum
2198 3166 2313 3227 est.
2402 3162 2522 3227 His

280 3256 593 3330 accedunt
637 3261 902 3330 ἕωθεν
947 3264 1195 3330 Τ1185111.
1238 3261 1362 3327 501
1419 3259 1603 3345 (494)
1649 3266 1715 3326 et
1762 3259 2132 3348 θύραθεν
2177 3262 2349 3356 Sept.
2400 3260 2523 3328 174

278 3366 347 3432 111
390 3365 617 3431 eadem
661 3366 896 3430 senarii
936 3371 1120 3447 parte
1162 3364 1398 3448 posita,
1445 3368 1513 3428 et
1553 3362 2134 3446 frequentissimum
2179 3364 2259 3431 ἐκ
2274 3368 2348 3431 εἶ
2360 3370 2454 3430 θε
2467 3392 2521 3444 ν,

278 3468 452 3552 quod
513 3486 639 3533 non
698 3468 889 3534 modo
934 3468 1106 3549 apud
1148 3466 1393 3532 Atticos
1436 3468 1659 3547 poetas
1674 3514 1690 3544 ,
1755 3465 1872 3532 sed
1916 3466 2165 3531 omnino
2207 3484 2521 3549 nusquam

128 3575 139 3579 ⁴
280 3571 471 3650 aliter
493 3570 799 3652 seriptum
843 3570 1278 3638 animadverti.
1369 3566 1498 3635 Cur
1538 3584 1689 3634 vero
1727 3566 2028 3633 adverbia
2055 3587 2180 3634 non
2221 3588 2425 3652 pauca
2454 3569 2521 3634 in

276 3674 508 3740 iisdem
549 3692 771 3740 versus
813 3672 1177 3755 regionibus
1223 3672 1471 3738 diverse
1516 3670 1751 3752 scripta
1795 3670 1951 3752 sint,
1998 3671 2314 3753 explicatu
2357 3670 2519 3736 diffi-

279 3777 400 3845 cile
446 3780 561 3842 est.
661 3775 826 3842 Nam
871 3776 927 3841 si
970 3776 1109 3857 quis
1153 3775 1247 3840 ita
1292 3774 1480 3852 dicat,
1524 3770 1985 3840 versificatores
2031 3774 2322 3859 antiquos
2367 3791 2519 3839 sono

277 3881 612 3946 literarum
656 3896 726 3944 se
772 3876 1288 3959 subsequentium
1332 3876 1556 3943 ductos
1596 3893 1762 3955 esse,
1808 3879 1882 3942 ut
1923 3874 2077 3941 aiibi
2119 3876 2292 3941 aliud
2333 3895 2519 3957 prae-

277 3981 540 4061 ferrent,
583 3981 652 4048 id
693 3981 884 4045 altius
907 3985 1023 4058 est,
1071 3996 1264 4061 quam
1295 3996 1420 4060 quo
1452 3995 1678 4043 sensus
1701 3982 1917 4043 noster
1938 3983 2274 4060 penetrare
2295 3980 2514 4060 possit.
2611 4065 2615 4072 ‚

278 4084 435 4163 Quis
480 4083 650 4150 enim
692 4082 1009 4161 diiudicet,
1055 4085 1267 4146 utrum
1312 4081 1571 4146 suavius
1617 4084 1798 4146 sonet
1843 4076 2111 4168 πρόσθε
2154 4084 2370 4165 στῆτε,
2438 4099 2521 4146 an

276 4185 415 4276 πρό
423 4183 627 4253 σθενῗ
715 4179 963 4251 Clarius
1025 4179 1186 4250 haec
1244 4182 1601 4249 vocalitatis
1666 4179 1829 4246 ratio
1896 4187 2163 4264 apparet
2223 4183 2290 4247 in
2348 4183 2521 4248 exitu

262 4307 601 4369 versuum.
686 4287 810 4353 Hic
875 4286 1044 4352 enim
1106 4304 1191 4369 ny
1257 4289 1405 4370 ante
1471 4284 1722 4366 vocales
1776 4288 1909 4348 tam
1952 4302 2144 4366 saepe
2185 4284 2519 4368 reperitur,
