2946 4928
471 356 588 422 DE
634 320 1566 437 sYNAEREsL'nuEREsl
1608 360 1725 428 etc.
1791 355 1859 421 P.
1883 355 1932 421 1.
1980 353 2046 420 c,
2072 356 2119 420 r.
2166 355 2220 440 ς.
2244 354 2303 420 2.
2441 353 2517 420 13

277 538 434 602 opus
480 524 596 600 est,
649 516 859 607 Κῄῖος
900 520 1284 602 producitur,
1329 524 1404 586 ut
1452 516 1680 608 Τὴΐος,
1731 520 1831 585 cui
1876 518 2234 601 Stephanus
2278 516 2524 600 affingit

277 628 661 705 prototypon
713 626 910 701 Τέῖος
963 624 1068 689 καὶ
1122 627 1334 700 Tazos.
1422 622 1726 688 Eiusdem
1767 623 1959 706 pretii
2004 626 2152 687 sunt
2196 608 2402 700 Κέϊος
2456 625 2524 687 et

275 727 494 807 θέιός,
563 726 728 805 unde
788 726 957 791 idem
1008 724 1147 791 192.
1194 724 1234 790 4
1290 731 1356 791 et
1398 726 1554 792 219:
1594 726 1672 791 18
1724 725 2033 809 bisyllaba
2097 729 2249 791 nata
2312 728 2514 806 putat.

276 828 336 894 N
339 848 412 894 ec
435 827 622 894 fidem
644 829 799 895 facit
822 829 928 893 ille
949 825 1338 910 pronominis
1363 828 1542 910 Qrth.
1557 827 1701 894 246.
1730 829 1809 893 10
1836 824 2191 916 εὑρεθῆναι
2219 827 2327 894 καὶ
2354 826 2519 893 κατὰ

278 919 625 1001 διάστασιν
673 933 855 1001 δέῖνα
915 930 1023 997 καὶ
1070 931 1235 996 κατὰ
1283 930 1667 1019 συναίρεσιν
1714 926 1749 996 ὃ
1799 934 2013 1011 δεῖνα,
2079 932 2157 996 de
2203 949 2325 1012 quo
2369 931 2521 995 alibi

279 1026 550 1100 disserui
594 1035 859 1101 Elemm.
884 1035 915 1098 I
960 1032 1084 1098 576
1132 1052 1222 1117 sq.
1311 1035 1369 1100 A
1410 1034 1768 1101 nominibus
1811 1033 2040 1098 tertiae
2087 1034 2519 1099 declinationis

273 1139 445 1220 Διάς
498 1144 565 1203 et
625 1137 833 1216 Θείας
873 1137 1017 1202 ΕΜ.
1064 1137 1206 1203 271.
1254 1137 1292 1203 5
1362 1138 1664 1204 discernit
1713 1136 1955 1217 primae
2022 1134 2097 1201 τὸ
2151 1134 2357 1214 Δι’ίάς
2410 1136 2519 1202 καὶ

283 1238 484 1317 Θείας
529 1237 982 1325 ἶσοσυλλάβως
1026 1242 1373 1322 κλίνονται,
1419 1243 1535 1307 sed
1558 1245 1790 1307 testem
1811 1257 1946 1304 non
1960 1237 2233 1304 adhibet.
2279 1237 2519 1304 Iterum

274 1341 833 1409 Choeroboscusl.
880 1360 931 1408 (τ.
976 1361 1036 1424 p.
1083 1341 1226 1408 268.
1277 1342 1307 1408 1
1364 1339 1712 1413 οὐδέποτε
1778 1342 1854 1409 τὸ
1923 1375 1992 1414 σκ
2059 1341 2130 1409 ἐν
2185 1339 2518 1433 συλλήψει

272 1441 432 1513 ὄντα
481 1445 701 1528 ἔχουσι
764 1449 879 1535 τὴν
937 1446 985 1517 Ea.
1047 1448 1539 1536 προηγοιμένην
1602 1445 1803 1536 χωρὶς
1870 1449 2033 1529 μιᾶς
2102 1444 2336 1524 λέξεως
2407 1445 2520 1510 καὶ

270 1546 516 1635 ταύτης
583 1544 1233 1636 οἰμφιβαλλιῃιένης,ο
1256 1547 1762 1638 εΗριυιλεῖσκος,
1819 1545 2313 1636 (Ηρακλεισκος.
2424 1546 2522 1611 De

273 1652 488 1717 verbis
532 1651 657 1716 hue
697 1649 984 1716 referunt
1041 1648 1186 1729 είω,
1254 1676 1398 1717 ειτα
1442 1652 1610 1716 κατὰ
1657 1649 1987 1738 διαίρεσιν
2034 1650 2150 1717 ἔίω
2197 1648 2307 1716 καὶ
2354 1650 2520 1715 κατὰ
2637 1675 2648 1681 ·

206 1818 221 1829 .
271 1751 632 1842 ἀφαίρεσιν
677 1758 798 1819 τοῦ
833 1757 897 1826 ἶ
922 1752 1006 1822 ἴω
1051 1753 1195 1818 ΕΜ.
1240 1751 1384 1818 475.
1431 1753 1532 1818 55.
1620 1754 1866 1818 Horum
1911 1749 2187 1818 omniu'm
2233 1757 2521 1818 auctores

267 1859 578 1940 perleves,
625 1876 819 1923 causa
859 1858 1180 1923 levissima
1225 1862 1340 1922 est.
1432 1856 1560 1921 Sed
1602 1857 1730 1921 iam
1748 1898 1753 1909 ·
1773 1856 2112 1922 intervenit
2133 1856 2396 1922 verbum
2440 1854 2520 1920 ab

267 1960 634 2027 Herodiano
698 1961 797 2026 bis
865 1961 1255 2042 disputatum
1310 1960 1383 2025 ΙΙ.
1428 1959 1522 2026 XI
1569 1959 1694 2024 798
1761 1966 1827 2025 et
1881 1959 2035 2026 XVI
2077 1958 2156 2024 41
2227 1955 2523 2035 ἴσκοντες

260 2059 687 2151 Ἀρίσταρχος
744 2059 925 2141 ἀξιοῖ
980 2063 1088 2129 διὰ
1146 2067 1264 2148 τῆς
1304 2064 1374 2133 ’Ξῖ
1422 2058 1803 2150 διφθόγγου
1850 2058 2164 2149 γράφειν,
2235 2060 2382 2129 ἐπεὶ
2452 2061 2520 2127 ἐν

268 2167 519 2250 ἑτέροις
575 2167 650 2231 τὸ
709 2165 872 2232 κατὰ
930 2164 1255 2252 διαίρεσιν
1321 2161 1528 2232 αὐτοῦ
1587 2161 1827 2252 ὁρᾶται
1892 2161 2092 2232 ἐΐσκω
2138 2162 2514 2251 λεγόμενον·

260 2265 579 2349 Ἀλεξίων
639 2270 711 2336 δὲ
758 2269 872 2336 διὰ
918 2274 1113 2339 tofi.
1074 2275 1140 2283 ““
1167 2266 1374 2352 μόνου
1421 2268 1967 2352 συνεσταλμένου·
2015 2263 2195 2394 κάγὼ
2242 2268 2316 2336 δὲ
2359 2264 2515 2334 τοῦ-

267 2398 412 2451 τοις
459 2370 1025 2459 συγκατατίθεμαι
1080 2372 1161 2438 τὰ
1221 2372 1332 2439 διὰ
1389 2374 1510 2437 τοῦ
1555 2406 1623 2441 σν
1608 2408 1667 2441 ,ω
1714 2366 1976 2459 ῥήματα
2029 2373 2121 2460 μὴ
2180 2367 2520 2440 δύνασθαι

236 2475 443 2560 ’ἔχειν
430 2477 632 2590 -πρὸ
681 2475 926 2554 θέλους’
981 2475 1368 2563 δίφθογγον
1402 2474 1909 2563 εκφωνουμενην
1956 2472 2062 2542 ὅτι
2105 2476 2197 2564 μὴ
2243 2478 2359 2563 τὴν
2406 2475 2518 2542 διὰ

268 2585 391 2647 τοῦ
449 2618 501 2676 ρ,
559 2575 784 2667 πιφαύ
790 2604 941 2646 σκω.
1029 2580 1235 2645 Huius
1290 2578 1616 2661 praecepti
1680 2578 1823 2658 plus
1888 2579 2083 2642 semel
2136 2581 2517 2645 mentionem

269 2683 469 2750 habui
521 2682 673 2747 alibi
736 2682 815 2747 ob
871 2684 1029 2749 alias
1086 2683 1393 2762 rationeS,
1449 2702 1506 2747 v,
1550 2681 1815 2746 Elemm.
1861 2680 1909 2745 I.
1953 2699 2013 2762 p.
2060 2680 2141 2746 57
2189 2681 2519 2763 ε(1(1.,1110

271 2791 489 2852 autem
535 2786 950 2868 repetendum
994 2787 1143 2851 duxi
1184 2804 1309 2850 non
1351 2790 1488 2850 tam
1514 2789 1773 2866 propter
1815 2784 1899 2863 id,
1945 2785 2113 2865 quod
2147 2784 2225 2848 de
2249 2784 2519 2849 diaeresi
2614 2845 2632 2863 2

268 2890 449 2956 verbi
502 2888 816 2972 trisyllabi
871 2888 1127 2968 dicitur,
1195 2906 1386 2969 quam
1452 2888 1603 2968 quia
1645 2887 1927 2952 nonnulli
1970 2887 2343 2965 Homerum,
2411 2886 2521 2952 ubi

265 2991 578 3075 bisyllabo
621 2992 951 3073 indigeret,
996 3009 1120 3055 non
1165 2988 1332 3058 ι’σκω
1380 2991 1710 3073 scripsisse
1756 2992 2132 3070 statuerunt,
2180 2990 2293 3055 sed
2322 2986 2518 3055 ἐΐσκω

190 3165 203 3177 .
269 3116 387 3178 per
427 3095 759 3179 synizesin,
804 3111 930 3175 qua
952 3091 1248 3175 effugitur
1280 3095 1617 3160 insolentia
1638 3092 2006 3175 diphthongi
2051 3094 2131 3159 ab
2156 3094 2518 3159 Herodiano

269 3203 506 3276 notata.
594 3198 834 3263 Verum
875 3196 1001 3261 huc
1052 3197 1159 3262 ille
1205 3191 1484 3263 animuin
1539 3216 1676 3262 non.
1708 3198 1998 3262 advertit.
2072 3234 2144 3245 --
2217 3195 2324 3261 Os·
2351 3191 2518 3261 chri-

273 3302 549 3367 stianum
603 3300 914 3381 resipiant
969 3300 1365 3366 substantiva
1428 3319 1571 3366 cum
1637 3297 1805 3379 θεός
1878 3301 2224 3386 composita
2292 3294 2519 3365 ἅθεὶά.

191 3391 198 3406 ’
272 3403 540 3485 διθειά,
608 3403 980 3484 nomana,
1050 3403 1410 3492 φιλοθεὶά,
1477 3422 1642 3485 quae
1691 3399 1847 3486 'quia
1900 3420 2221 3483 nunquam
2266 3405 2515 3466 contra-

272 3506 528 3589 huntur,
575 3526 614 3571 a
654 3511 874 3572 nostra
917 3525 1110 3572 causa
1149 3512 1409 3572 remota
1440 3511 1606 3585 sunt,
1650 3524 1855 3587 neque
1902 3505 2025 3570 huc
2046 3505 2321 3586 pertinet
2365 3506 2513 3571 sim-

273 3610 419 3694 plex
462 3609 693 3688 θέϊνος
735 3611 801 3675 111
843 3610 1037 3675 Inscr.
1084 3608 1252 3675 Cret.
1296 3611 1638 3691 inventum,
1683 3607 1739 3674 ir.
1785 3608 1935 3674 Ahr.
1981 3609 2130 3673 Dor.
2175 3609 2289 3688 87,
2337 3609 2515 3675 cuius

281 3733 471 3780 sonus
537 3712 764 3782 recinit
836 3732 913 3778 ex
976 3714 1425 3779 metusiasticis
1493 3710 1765 3793 ἶτέϊνος,
1843 3713 2144 3796 μελέϊνος
2191 3717 2326 3792 etc„
2395 3711 2515 3779 Pa-

277 3817 411 3887 rall.
459 3815 605 3896 338,
653 3810 920 3904 ἅρεϊκᾴς
965 3816 1265 3881 Themist.
1313 3814 1418 3880 Or.
1463 3815 1626 3879 XIII
1674 3814 1794 3881 165
1840 3815 1942 3896 Β.,
2001 3834 2123 3897 quo
2169 3816 2518 3897 elegantius

279 3924 461 3986 sonat
520 3912 795 4006 ἆρηικός
840 3917 1065 4000 Georg.
1111 3917 1439 4000 Progymn.
1508 3936 1566 3998 p.
1612 3916 1736 3983 565
1785 3917 1852 3981 T.
1898 3917 1931 3982 I
1983 3917 2181 3982 Walz.
2281 3903 2520 3985 Verum

277 4022 378 4088 hic
420 4024 550 4088 iam
591 4040 693 4086 me
740 4022 822 4086 ad
865 4022 1139 4104 syllabas
1181 4021 1593 4103 paragogicas
1638 4020 1916 4085 delatum
1960 4038 2101 4087 esse
2145 4020 2343 4087 video.
2387 4022 2538 4108 Ad·-

280 4125 646 4192 iectivorum
700 4124 1199 4206 possessivorum
1254 4124 1608 4202 distractiO,
1675 4141 1838 4203 quae
1902 4124 2153 4203 proprie
2219 4119 2520 4188 tribuitur
2600 4149 2609 4160 ,

283 4226 547 4296 dialecto
592 4227 885 4294 Aeolicae
899 4276 915 4307 ,
984 4244 1429 4307 nonnunquam
1476 4225 1667 4291 etiam
1722 4224 1788 4289 in
1832 4223 2090 4290 canticis
2133 4224 2519 4302 tragicorum

282 4331 380 4397 vel
423 4332 770 4414 antiquitus
814 4323 1071 4412 recepta
1134 4330 1253 4396 'vel
1307 4349 1346 4394 a
1405 4329 1638 4395 criticis
1695 4329 1995 4411 adoptata
2061 4330 2161 4391 est
2223 4339 2519 4388 numeros
