2946 4928
415 324 498 392 34
705 264 711 270 ’
1136 314 1731 412 ,ΒῙΒΒῈΜΑΤῙΟ
1793 320 1905 392 vr.

407 489 576 555 neris
612 487 951 554 ‘masculini
1013 488 1080 553 in
1119 490 1224 576 333}
1258 489 1503 555 nullum
1550 502 1693 554 esse
1737 492 2050 572 oxytonon
2096 492 2357 569 praeter
2410 483 2661 574 κριτής,

408 610 557 659 nam
601 588 844 681 λῃστής
888 595 1119 657 natura
1160 591 1558 676 trisyllabum
1597 606 1744 659 esse
1784 608 1901 674 pro
1946 586 2212 679 ληΐστής
2245 626 2317 638 —-
2368 589 2474 657 διὸ
2521 588 2660 672 ἔχει

409 696 1034 783 προσγεγραμμένον
1089 694 1166 761 τὸ
1213 697 1252 769 ᾗ
1347 696 1486 763 Hoc
1557 697 1751 780 igitur
1815 695 2163 761 exactiores
2229 697 2665 778 apposuermrt

404 798 691 881 quamvis
735 796 1090 864 inauditum
1138 822 1211 847 ⁴——
1263 794 1420 866 xaft’
1468 795 1850 885 ὑπόμνησιν
1894 798 2243 881 scripturae
2283 796 2588 878 integrae.

578 1090 632 1176 ἓ.
682 1089 736 1155 1.
827 1089 1033 1168 Quum
1108 1090 1191 1156 de
1254 1090 1578 1158 vocabulis
1650 1089 1823 1156 haud
1873 1088 2118 1174 ,paucis
2180 1087 2492 1153 incertum
2551 1085 2660 1165 sit,

409 1199 625 1260 utrum
682 1191 872 1275 alpha
937 1212 977 1259 a
1028 1200 1258 1260 natura
1309 1194 1573 1261 insitum
1623 1193 1906 1259 habeant
1961 1210 2044 1257 an
2087 1194 2221 1270 eta,
2287 1186 2663 1270 diphthongi

408 1315 657 1380 quoque
712 1292 764 1385 ξ
809 1303 876 1364 et
928 1300 966 1388 ᾗ
1009 1315 1455 1380 nonnunquam
1521 1296 1743 1363 eodem
1806 1296 1943 1361 loco
2017 1292 2389 1360 tractandae
2453 1294 2662 1371 erunt,

411 1401 580 1496 quod
638 1406 706 1467 et
749 1401 1162 1484 Appollonius
1208 1400 1544 1483 aliquando
1587 1398 1741 1466 fecit
1781 1399 1939 1465 Adv.
1985 1396 2110 1463 567
2125 1446 2140 1477 ‚
2208 1395 2318 1460 ubi
2359 1391 2664 1460 adverbio

416 1502 505 1596 ῥᾴ
560 1506 691 1571 iota
746 1503 1002 1585 asserit,
1071 1504 1219 1586 quia
1280 1521 1398 1587 per
1442 1521 1763 1586 apocopen
1826 1521 1904 1568 ex
1947 1499 2198 1593 ῥᾳδίῳς
2239 1504 2474 1578 ortum,
2539 1496 2666 1563 hoc

411 1613 627 1675 autem
671 1626 749 1674 ex
776 1607 1054 1697 ῥαϊδίως
1095 1605 1334 1674 factum
1378 1607 1464 1672 sit
1505 1610 1579 1671 ut
1602 1605 1830 1684 Λάϊος
1854 1607 2049 1695 Λᾷος
2092 1602 2203 1668 καὶ
2252 1600 2438 1667 λόἰὀν
2482 1600 2657 1688 λᾷον.

410 1711 727 1778 Adverbio
771 1710 863 1776 illi
907 1714 975 1775 et
1017 1709 1136 1775 toti
1177 1709 1325 1777 huic
1370 1709 1647 1776 familiae
1692 1708 1981 1775 convenit
2001 1703 2285 1796 ῥᾴτερον
2318 1703 2487 1786 apud
2507 1702 2660 1769 Pin-

413 1816 670 1896 darum,
739 1814 842 1880 cui
882 1816 1085 1903 Λᾷος
1140 1830 1387 1896 quoque
1430 1814 1759 1893 tribuitur,
1825 1829 1882 1878 v.
1926 1808 2201 1878 Boeckh.
2248 1805 2345 1873 OL
2389 1805 2516 1873 VH
2556 1804 2661 1872 60.

412 1921 469 1984 Α
511 1918 843 2001 trisyllabo
909 1934 1072 1999 quae
1118 1916 1404 1983 derivata
1448 1922 1598 1983 sunt
1640 1912 1953 1996 Λαΐειος,
1995 1907 2330 1998 Λαΐάὸης,
2376 1907 2662 1974 Laiades

411 2022 543 2088 iota
609 2020 974 2087 custodiunt
1038 2019 1372 2102 integrum.
1490 2020 1614 2085 Pro
1682 2023 1889 2101 etymo
1950 2013 2327 2082 Eustathius
2379 2012 2526 2080 862.
2573 2011 2661 2079 56

414 2124 603 2211 λήϊον
643 2124 849 2207 ponit3
892 2123 1083 2205 paulo
1125 2121 1515 2205 probabilius
1559 2121 1810 2188 videtur
1854 2123 2009 2197 λᾶος
2036 2118 2225 2204 lapis,
2269 2116 2439 2182 unde
2468 2114 2666 2202 λάϊγξ

414 2233 481 2293 et
523 2224 751 2306 λάϊνος
792 2245 1113 2309 unumque
1158 2231 1511 2292 coartatum
1557 2230 1769 2315 Λᾷνος,
1813 2221 1983 2305 quod
2025 2222 2066 2289 J
2067 2220 2357 2288 acobsius
2401 2220 2486 2307 ad
2527 2221 2662 2285 An-

414 2331 566 2397 thol.
610 2329 743 2395 Pal.
788 2349 848 2412 p.
893 2328 1017 2395 911
1088 2352 1131 2392 a
1172 2329 1339 2393 malo
1395 2327 1819 2414 versfficatore
1866 2324 2224 2414 profectum
2280 2324 2450 2400 dicit.
2537 2323 2661 2388 His

415 2432 727 2501 succurrit
767 2433 1026 2499 tertium
1069 2431 1250 2514 λαός,
1295 2433 1463 2499 unde
1510 2437 1576 2499 et
1603 2430 1882 2510 Λαΐδος
1924 2430 2128 2513 repeti
2146 2431 2360 2512 potest
2402 2432 2470 2493 et
2489 2443 2660 2493 com·

413 2540 638 2620 posita,
684 2556 848 2619 quae
890 2536 1244 2603 Meinekius
1278 2536 1416 2603 Del.
1446 2535 1569 2603 114
1612 2538 1736 2602 huc
1778 2534 1991 2616 refert,
2023 2530 2461 2609 Νικολαῖὃας,
2500 2524 2658 2616 Ἀρ-

410 2638 727 2723 χελαΐὸας
770 2645 838 2705 et
877 2641 1163 2706 breviata
1206 2636 1619 2730 Νικολᾴόας,
1665 2635 2089 2730 Φιλολᾴδας,
2145 2637 2373 2719 quibus
2416 2633 2664 2700 librarii

413 2745 570 2824 iota,
639 2743 790 2825 quia
851 2762 977 2809 non
1042 2743 1125 2809 ad
1169 2762 1358 2810 aures
1412 2745 1727 2827 pervenit,
1799 2758 2246 2823 nonnunquam
2303 2739 2664 2805 subducunt

419 2846 628 2932 [Path.
656 2846 689 2911 I
709 2845 855 2926 280,
880 2864 1073 2929 supra
1093 2866 1153 2929 p.
1174 2846 1298 2932 11].
1347 2844 1451 2912 Sic
1475 2847 1842 2929 saepissime
1867 2844 2163 2911 scribitur
2183 2836 2412 2909 n'omen
2432 2839 2662 2906 nobilis

417 2949 710 3016 statuarii
736 2943 1119 3033 Ἀγελάδας,
1165 2949 1281 3014 sed
1300 2949 1421 3016 hoc
1440 2951 1701 3016 dubium
1723 2955 1825 3017 est
1834 2949 2094 3016 idemne
2117 2944 2445 3029 significet,
2491 2942 2662 3027 quod

414 3052 703 3120 Plutonis
747 3052 1071 3132 epitheton
1106 3047 1414 3137 Ἀγέλαος
1467 3054 1600 3119 sive
1637 3051 2043 3138 Ἀγεσίλαος,
2111 3070 2194 3116 an
2244 3050 2455 3133 potius
2511 3066 2660 3113 con-

415 3156 630 3223 veniat
683 3171 826 3220 cum
869 3154 1193 3219 Minervae
1238 3157 1603 3237 cognomine
1643 3152 1940 3244 Ἀγελείη
1985 3155 2053 3220 id
2094 3159 2195 3222 est
2238 3154 2470 3243 ληῖτις.
2558 3150 2661 3218 Ab

416 3260 636 3327 Jonico
682 3258 838 3341 ληὸς
878 3255 1230 3340 profectum
1285 3262 1386 3324 est
1440 3258 1656 3345 λὴΐιον
1711 3258 1787 3324 τὸ
1841 3255 2202 3346 δημόσιον,
2268 3256 2437 3339 quod
2489 3255 2660 3322 idem

418 3367 501 3452 λῇ
506 3390 532 3427 τ
542 3389 612 3428 ον
655 3362 970 3442 scribitur,
1013 3365 1080 3426 et
1099 3359 1361 3427 Verbum
1408 3364 1789 3451 λῃτουργεῖν
1830 3361 1870 3427 i.
1895 3381 1953 3444 q.
2000 3365 2414 3447 λειτουργεῖν.
2475 3358 2662 3427 Com-

416 3483 671 3532 munem
729 3465 997 3531 formam
1052 3464 1338 3546 sequitur
1406 3484 1634 3532 nomen
1690 3464 1982 3548 ancipitis
2036 3464 2316 3529 merismi
2370 3463 2661 3530 νεολαία.

415 3568 491 3634 Id
556 3568 953 3652 grammatici
1022 3567 1108 3632 ad
1168 3585 1365 3632 unum
1426 3586 1646 3633 omnes
1707 3567 2099 3635 substantive
2164 3567 2666 3649 interpretantur
2724 3627 2728 3633 .

415 3673 552 3751 νέος
595 3668 762 3751 λαός
806 3670 977 3736 Suid.
1024 3676 1140 3737 etc.
1186 3671 1287 3736 vel
1331 3672 1406 3737 τὸ
1454 3665 1806 3758 ἄθροισμα
1850 3676 1982 3738 τῶν
2003 3671 2167 3738 νέων
2190 3669 2380 3735 schol.
2403 3669 2663 3736 Lucian.

416 3774 593 3841 Phal.
638 3774 672 3839 I
730 3775 785 3860 ξ.
831 3774 870 3839 3
930 3793 991 3856 p.
1043 3773 1164 3839 155
1209 3773 1455 3855 Jacob„
1519 3775 1713 3840 schol.
1756 3774 1974 3857 Eurip.
2018 3774 2152 3840 Alc.
2204 3772 2352 3854 103,
2399 3772 2662 3854 Theocr,

413 3878 633 3946 XVIII
676 3877 777 3944 24.
849 3876 1391 3954 Quemadmodum
1434 3884 1649 3945 autem
1693 3897 1772 3943 ex
1817 3878 2029 3956 πολὺς
2072 3873 2236 3955 λαός
2270 3879 2665 3960 componitur

296 4037 299 4040 .
418 3979 752 4051 πολυλαΐα
800 3980 1057 4065 (Phryn.
1102 3980 1275 4066 493),
1321 3999 1400 4046 ex
1443 3983 1604 4050 δέκα
1649 3985 1803 4060 νᾶες
1845 3981 1998 4047 item
2044 3980 2387 4063 δεκαναΐα,
2446 3982 2539 4047 Sic
2584 3979 2665 4045 ab

417 4086 544 4154 illis
590 4084 835 4151 duobus
880 4084 1154 4151 debebat
1186 4081 1468 4153 *notata
1516 4083 1772 4169 [Parall.
1818 4083 1992 4169 228}
2038 4088 2106 4150 et
2145 4079 2344 4149 fuisse
2358 4135 2373 4165 ‚
2419 4084 2531 4166 qui
2571 4084 2666 4149 ita

418 4188 728 4268 dicerent,
786 4189 1184 4270 cognoscitur
1233 4207 1329 4255 ex·
1352 4187 1563 4255 Photii
1591 4186 1814 4254 verbis
1857 4185 2165 4255 νεολαίαν
2221 4187 2340 4275 τὴν
2382 4183 2665 4276 νεότηυςα

417 4288 959 4381 τετρασυλλάβως
1025 4291 1089 4359 οἶ
1125 4288 1458 4372 Ἀττικοίς
1530 4292 1644 4358 sed
1684 4289 2188 4375 pentesyllabum
2252 4309 2376 4356 non
2430 4289 2667 4371 legitur
