2946 4928
455 326 578 396 114
1198 326 1760 397 DISSERTATIO
1827 330 1936 397 VI.

446 512 503 558 v.
549 492 818 559 BredoV.
877 490 996 558 195
1063 491 1322 576 [Parall.
1385 511 1446 576 p.
1493 493 1672 578 450].
1711 530 1795 541 --
1845 491 2126 559 Verbum
2190 492 2473 561 eiusdem
2533 510 2673 561 con-

449 595 789 679 iugationis
833 600 1007 661 νοεῖν
1050 600 1119 660 et
1158 596 1414 661 nomina
1453 596 1603 661 hinc
1646 588 1932 662 derivata
1973 595 2334 662 Herodotus
2378 602 2445 663 et
2462 603 2677 679 poetae

446 697 726 763 omnium
767 696 901 763 fere
944 698 1358 764 dialectorum
1402 699 1486 764 ad
1527 698 1691 765 hanc
1730 699 2109 765 brevitatem
2130 701 2419 783 redigere
2455 700 2673 765 solent:

448 804 676 875 νῶσαι,
727 800 1102 881 νώσασθαι,
1148 800 1460 885 νένωμαι,
1508 806 1719 884 νῶμα,
1764 822 1821 868 v.
1868 802 2100 885 Bergk.
2125 803 2227 868 -ad
2249 803 2477 868 Anacr.
2499 821 2557 883 p.
2580 801 2673 881 93,

448 909 516 970 et
558 905 905 986 composita
947 921 1195 986 quoque
1242 895 1624 991 ἀγνώσασκε
1650 903 1703 987 ⁶)
1749 910 1816 970 et
1859 899 2302 991 ἀλλογνώσας.
2415 903 2675 970 Perfecti

446 1007 616 1073 illius
657 1007 899 1074 mentio
941 1004 1252 1072 subitaria
1291 1006 1571 1072 iniicitur
1633 1007 1701 1071 in
1742 1006 1887 1073 EM.
1932 1006 2076 1074 601.
2121 1009 2206 1074 20
2272 1009 2600 1077 νένωται
2637 1000 2678 1093 ἢ

447 1109 617 1177 κατὰ
664 1108 1001 1196 συγκοπὴν
1043 1113 1165 1175 τοῦ
1213 1115 1272 1195 ’ἧ
1323 1104 1456 1176 ἀπὸ
1526 1112 1648 1176 τοῦ
1708 1107 2086 1198 νενόηται
2133 1106 2179 1199 ἢ
2222 1108 2363 1179 ἀπὸ
2410 1113 2527 1177 τοῦ
2569 1109 2677 1176 νέω

448 1238 692 1306 νωται
735 1213 905 1280 κατὰ
950 1209 1298 1296 συστολήν·
1368 1210 1510 1281 ἔστι
1574 1213 1697 1301 γὰρ
1741 1217 1844 1279 νῶ
1890 1215 2069 1301 ῥῆμα
2117 1214 2341 1303 τρίτης
2383 1210 2680 1298 συζυγίας

445 1313 536 1396 ὥς
582 1315 772 1403 παρὰ
812 1318 1152 1404 Σοφοκλεῖ
1200 1315 1544 1384 νὲνωται
1609 1315 1723 1382 καὶ
1769 1310 1927 1404 παρ’
1971 1313 2388 1407 Ἀνακρέοντι
2456 1339 2677 1382 νενω-

446 1418 709 1505 μένος·
775 1417 883 1486 καὶ
949 1414 1159 1485 πάλιν
1226 1413 1318 1498 ὥς
1378 1416 1864 1506 χρυσόονται
1929 1424 2453 1502 χρυσοῦνται,
2518 1414 2678 1484 οὕτω

443 1521 555 1590 καὶ
600 1518 921 1590 νόονται
965 1524 1293 1588 νοῦνται
1336 1521 1517 1608 παρὰ
1541 1521 1957 1610 Δημοκρίτῳ.
2004 1522 2175 1610 Περὶ
2204 1529 2471 1590 παθῶν.
2518 1521 2706 1586 Scita-

445 1632 547 1694 cst
587 1628 746 1693 haec
791 1624 1098 1707 expositio
1157 1629 1224 1690 et
1266 1630 1525 1692 auctore
1568 1625 1932 1692 Herodiano
1977 1625 2380 1709 dignissima,
2450 1625 2584 1692 sed'
2602 1622 2680 1689 ad

446 1730 697 1797 diversa
746 1730 959 1813 capita
1023 1733 1335 1811 spectans,
1402 1748 1671 1811 quorum
1735 1747 1929 1795 unum
1991 1728 2115 1794 fuit
2177 1728 2458 1797 νένωται
2523 1723 2679 1790 κατὰ

446 1837 679 1922 κρᾶσιν
745 1827 884 1899 ἀπὸ
931 1834 1052 1898 τοῦ
1096 1827 1428 1919 νενόηται,
1499 1832 1729 1898 ceteris
1793 1833 2035 1897 incuria
2086 1832 2331 1898 librarii
2377 1828 2682 1898 abscissis

449 1937 631 2014 Quod
672 1952 824 2002 vero
870 1935 1186 2016 sequitur.
1250 1933 1521 2001 νένωται
1589 1934 1691 2000 vel
1756 1953 1834 2000 ex
1876 1953 2145 2019 syncope
2164 1935 2290 2002 *vel
2334 1953 2415 2001 ex
2458 1930 2681 2017 systole

444 2038 797 2121 profectum
842 2054 1004 2117 esse,
1048 2037 1173 2102 huc
1215 2035 1471 2117 minime
1516 2038 1825 2119 convenit,
1871 2039 1986 2104 sed
2028 2040 2112 2104 ad
2156 2039 2421 2121 νένομαι
2438 2085 2456 2117 ,
2524 2032 2683 2118 quod

443 2142 552 2207 ille
597 2142 864 2230 dubitat,
908 2144 1123 2205 utrum
1167 2158 1244 2205 ex
1272 2137 1429 2205 ·νενό
1439 2165 1525 2226 ημ
1534 2165 1606 2206 αι
1651 2141 2050 2206 decurtatum
2102 2143 2273 2208 dicat
2315 2140 2527 2207 exciso
2568 2142 2682 2217 eta,
2790 2140 2794 2146 ’

449 2262 531 2310 an
575 2262 654 2309 ex
697 2242 979 2325 νένωμαι
1024 2247 1316 2324 correpto
1370 2243 1432 2313 ὦ.
1522 2241 1650 2307 Sed
1689 2261 1837 2311 mox
1876 2248 2146 2326 utraque
2169 2246 2418 2311 ratione
2440 2243 2683 2309 deserta

446 2345 890 2428 cogitationem
956 2346 1267 2411 convertit
1329 2345 1413 2410 ad
1461 2345 1727 2412 verbum
1790 2346 2169 2430 bisyllabum
2234 2345 2394 2432 νόω,
2464 2366 2503 2412 a
2565 2361 2679 2427 quo

444 2455 622 2517 recta
663 2449 767 2515 via
810 2449 1141 2515 descendit
1204 2449 1476 2533 νὲνομαι
1520 2454 1595 2515 ut
1638 2469 1677 2516 a
1719 2449 2057 2528 thematico
2103 2448 2679 2546 πόωῑ-πέπομαι.

444 2554 543 2620 De
588 2553 895 2635 Sophocle
961 2557 1028 2617 et
1068 2551 1465 2618 Anacreonte
1530 2552 1705 2618 haud
1766 2551 2087 2633 definiam,
2156 2560 2374 2621 utrum
2419 2554 2679 2636 νὲνομαι

446 2656 848 2738 scripserint,
920 2673 1001 2720 an
1055 2655 1353 2720 usitatius
1398 2654 1706 2738 νένωμαι.
1796 2656 1966 2722 Illud
2029 2675 2234 2739 neque
2299 2649 2459 2724 mihi
2500 2675 2579 2722 ne
2620 2654 2681 2719 in

446 2764 724 2825 mentem
767 2758 1024 2841 quidem
1067 2758 1268 2837 venit,
1332 2775 1530 2839 quum
1573 2760 1845 2841 primum
1886 2759 2055 2825 hunc
2096 2760 2302 2826 locum
2349 2766 2681 2827 tractarem

444 2863 512 2929 in
552 2862 773 2927 Rhem.
819 2861 905 2927 20
950 2878 1072 2943 sq.‚
1137 2878 1343 2944 neque
1394 2860 1676 2926 suboluit
1716 2861 2079 2927 Hermanno
2092 2913 2107 2943 ‚
2153 2881 2210 2929 v.
2253 2864 2550 2946 Wagner.
2603 2858 2681 2925 ad

447 2964 736 3047 Sophocl.
781 2963 993 3049 Frgm.
1040 2983 1099 3046 p.
1146 2962 1266 3028 251
1340 2967 1407 3028 et
1448 2963 1736 3028 Nauckio
1777 2984 1837 3046 p.
1887 2966 2028 3047 137,
2093 2952 2212 3032 sed
2253 2967 2535 3033 breviter
2574 2980 2679 3029 no-

445 3072 651 3133 tatum
696 3069 798 3131 est
837 3066 904 3130 in
945 3065 1213 3131 Elemm.
1236 3066 1270 3129 Ι
1295 3065 1439 3133 330.
1492 3104 1563 3114 -—
1614 3066 1672 3131 A
1715 3068 2074 3134 verbalibus
2120 3070 2562 3136 descendimus
2601 3063 2680 3130 ad

444 3169 805 3250 nominalis,
820 3253 833 3262 ἢ
851 3185 1120 3250 quorum
1163 3187 1383 3233 unum·
1404 3174 1506 3234 est
1546 3171 1870 3236 numerale
1914 3171 1994 3237 ab
2039 3172 2182 3239 EM.
2228 3173 2374 3239 608.
2425 3170 2502 3238 19
2562 3168 2679 3232 huc

444 3274 693 3341 illatum
761 3268 1016 3338 νώσατο
1086 3268 1226 3339 ἀπὸ
1272 3275 1386 3338 τοῦ
1442 3269 1729 3358 νοήσατο
1776 3272 1945 3340 κατὰ
1992 3280 2226 3362 κρᾶσιν
2270 3271 2364 3355 ὥς
2409 3264 2678 3360 ὀγδοή-

447 3399 692 3443 κοντα
738 3368 945 3459 ὀγδώ
963 3401 1000 3439 κ
1019 3399 1239 3452 οντα,
1286 3376 1456 3458 quod
1500 3367 1580 3441 ab
1613 3376 1890 3441 Homero
1934 3385 2262 3461 acceptum
2303 3378 2677 3460 posteriores

445 3482 675 3563 poetae
717 3481 1167 3559 propagarunt.
1218 3511 1290 3526 -
1342 3478 1739 3544 Adiectivum
1759 3475 2017 3567 χλωρός
2036 3481 2411 3548 Eustathius
2434 3479 2577 3546 812.
2600 3473 2676 3541 59

445 3595 672 3664 parum
717 3579 937 3643 dextre
983 3580 1256 3660 explicat
1298 3576 1437 3646 ἐπὸ
1483 3586 1603 3648 τοῦ
1639 3578 1801 3669 χλόη
1846 3582 2009 3648 κατὰ
2055 3586 2288 3671 κρᾶσιν
2333 3587 2453 3649 τοῦ
2495 3584 2536 3653 δ’
2574 3574 2677 3644 καὶ
2773 3605 2778 3612 ·

445 3687 567 3750 τοῦ
633 3684 702 3767 η“,“
727 3678 974 3748 ὁποίαν
1038 3677 1281 3765 πάσχει
1348 3682 1492 3756 καὶ,
1528 3682 1605 3747 τὸ
1668 3688 1992 3772 βωστρεῖν
2017 3688 2069 3769 ⁷)
2133 3685 2238 3754 καὶ
2292 3685 2368 3752 τὸ
2412 3684 2674 3768 βωθεῖν.

445 3786 760 3852 Promtior
802 3785 907 3850 via
949 3789 1051 3852 est
1093 3785 1176 3850 ad
1215 3781 1484 3874 χλοερός
1550 3782 1654 3868 [cf.
1698 3785 1887 3852 Proll.
1933 3784 2110 3872 276}
2160 3825 2230 3835 -
2282 3786 2674 3854 Homericum

583 4042 640 4106 6)
696 4045 760 4098 Id
795 4046 1036 4099 nonnulli
1070 4041 1432 4114 ἅγνώσσασκε
1487 4049 1725 4102 scribunt
1776 4048 2136 4118 imperfectum
2181 4065 2299 4102 esso
2346 4049 2450 4102 rati
2498 4051 2558 4098 ut
2604 4041 2674 4115 ῥί-

447 4149 659 4187 πτασκε
695 4139 749 4187 et
781 4134 975 4186 similia
1006 4135 1064 4185 in
1097 4131 1319 4189 Elemm.
1353 4135 1382 4186 1
1417 4130 1542 4192 269.

587 4240 644 4300 7)
699 4238 883 4305 Signia
917 4254 975 4289 se
1009 4238 1299 4292 insinuavit
1332 4240 1490 4292 otiam
1526 4240 1584 4291 in
1617 4240 1818 4293 aoristo
1853 4236 2124 4308 ἔβώσθην,
2162 4238 2321 4291 fixum
2352 4251 2481 4289 vero
2516 4238 2595 4286 est
2623 4231 2674 4281 in

446 4318 715 4393 ἔχᾶσθην.

2879 4127 2882 4208 4

2749 4404 2757 4413 ·
2875 4379 2880 4472 l

2885 2328 2897 2466 l

2885 2811 2893 3014 l

2884 3691 2887 3804 l
