2946 4928
909 297 1026 363 DE
1071 293 1473 366 Arocopn.
1535 293 1633 387 c.
1673 294 1724 363 1.
1770 296 1806 382 ς
1856 299 1912 363 1.
2386 277 2518 366 ³2⁷3

271 458 470 526 θέλει.
501 457 708 543 χωρὶς
745 461 865 526 τσῦ
907 457 1047 542 Δι’,
1095 456 1267 548 ὅπερ
1313 457 1453 527 ἀπὸ
1494 458 1619 527 ’τσῦ
1664 456 1810 527 ’Δία
1853 459 2081 547 γέγονε
2123 459 2293 527 κατὰ
2339 454 2515 528 ἄπο-

271 560 506 649 κοπὴν,
549 558 720 649 ὅπερ
761 562 931 646 ’μετὰ
977 566 1094 631 τοῦ
1129 561 1204 631 νή
1232 554 1684 655 ἐπιρῤήματος
1707 560 1950 649 γίνεται
1996 561 2083 628 vv*-
2131 565 2193 628 Δ
2204 560 2251 631 ι’.
2338 562 2517 629 Idem

271 665 348 730 de
392 665 542 730 Ace.
580 663 724 730 422.
771 667 811 730 2
874 670 1061 733 πᾶσα
1136 664 1468 754 alt-totum}
1538 663 1767 752 ἑνικῶν
1811 660 2326 751 μοιἰοσῦλλαβος
2392 662 2514 751 ἆρ-

270 767 487 854 σενικὴ
532 762 577 853 ἢ
623 767 878 856 θηλιυέὴ
927 764 1112 858 αὐτὴ·
1139 773 1297 837 καθ’
1343 768 1579 858 ἑαυτὴν
1625 762 1793 837 οὖσα
1838 766 1933 849 «εἷς
1971 768 2014 841 ’ὖ
2058 764 2264 855 λήγει·
2319 768 2392 835 τὸ
2441 767 2515 837 δὲ

269 869 342 957 νὴ
387 869 479 935 Δί
499 870 547 953 ¹)
595 865 712 936 οὐκ
759 865 1122 939 ἀντίκειται
1169 868 1343 961 ἡμῖν,
1414 872 1648 960 ἐπειδὴ
1718 866 1836 954 οὐχ
1901 868 2275 955 εὑρίσκεται
2340 865 2511 960 αὐτὴ

269 968 424 1038 καθ’
479 965 737 1059 ἑαυτὴν,
789 967 925 1037 ἀλλ’
974 974 1041 1042 ἐν
1088 974 1410 1065 συντάξει.
1499 976 1587 1041 Et
1626 974 1889 1041 Photius
1953 974 2061 1061 Νὴ
2107 971 2201 1039 Δι’
2265 972 2375 1039 καὶ
2441 972 2517 1060 νὴ

268 1073 401 1141 Δία
450 1072 794 1163 ἑκατέρως.
887 1077 1005 1143 Ηί8
1050 1078 1411 1145 auctoribus
1455 1073 1820 1143 Dindorfius
1866 1075 1950 1140 ad
1970 1074 2165 1141 Arist.
2187 1075 2349 1156 qu.
2386 1073 2513 1141 319

268 1182 333 1243 et
373 1179 440 1244 in
484 1177 681 1260 praef.
727 1179 929 1245 Poett.
977 1174 1153 1245 Scen.
1198 1200 1259 1262 p.
1280 1180 1393 1246 ·VI
1457 1181 1524 1245 in
1587 1178 1823 1244 multis
1847 1177 2290 1260 Aristophanis
2355 1178 2511 1243 locis

265 1280 382 1346 hoc
424 1281 501 1367 νὴ
547 1280 641 1348 Δι’
685 1287 832 1346 ante
876 1300 1212 1348 consonam
1248 1283 1646 1348 scribendum
1690 1297 1831 1346 esse
1868 1286 2112 1362 censet,
2159 1281 2275 1347 sed
2317 1282 2512 1347 tacite

264 1383 626 1466 refragatur
649 1384 982 1466 Bergkius‚
1030 1386 1273 1475 diserte⁸
1287 1386 1578 1468 Engerus
1606 1387 1674 1450 in
1693 1383 1899 1449 Praef.
1921 1383 2186 1467 Lysistr.
2212 1402 2272 1465 p.
2296 1383 2511 1452 XXVI

265 1492 331 1552 et
384 1488 598 1552 adnot.
645 1487 727 1552 ad
769 1507 827 1553 v.
874 1487 985 1568 24,
1052 1489 1281 1570 quibus
1347 1489 1428 1554 de
1495 1487 1923 1578 Aristophane
1987 1487 2327 1567 assenti0r3
2395 1488 2512 1553 sed

264 1590 815 1671 grammaticorum
860 1590 1223 1657 testimonia
1264 1612 1389 1658 non
1435 1591 1726 1660 dubitare
1769 1591 2161 1672 permittlmt,
2207 1590 2360 1671 quin
2398 1595 2509 1656 aut

238 1688 509 1779 *lib-rarii
553 1709 1015 1774 nonnunquam
1061 1699 1365 1777 sequente
1410 1693 1610 1760 vocali
1655 1694 1902 1774 signum
1967 1693 2333 1775 apostrophi
2396 1711 2508 1775 ap-

260 1812 499 1876 ponere
519 1863 524 1866 ,
544 1795 723 1860 obliti
768 1796 895 1865 sint
936 1801 1049 1861 aut
1111 1798 1269 1864 adeo
1315 1797 1545 1863 Graeci
1610 1796 1852 1877 antiqui
1914 1795 1983 1860 in
2017 1795 2349 1883 ⁸colloquiis
2414 1794 2511 1861 fa·-

261 1893 615 1963 miliaribus
659 1897 991 1964 formulam
1036 1901 1434 1966 tritissimam
1477 1899 1711 1981 raptim
1753 1898 2221 1980 pronunciando
2286 1899 2508 1963 decur-

261 2000 555 2079 taverint,
624 2002 793 2081 quod
836 2021 910 2067 eo
945 2001 1199 2068 ‘facilius
1245 2002 1529 2067 accidere
1592 2001 1828 2081 potuit,
1896 2019 2020 2083 quo
2086 2001 2340 2083 saepius
2404 2002 2516 2066 illa

257 2102 611 2183 particulae
636 2102 987 2183 expletivae
1031 2106 1161 2194 ritu
1181 2102 1604 2185 interponitur
1646 2104 1709 2168 vi
1753 2103 2036 2184 ademta;
2079 2104 2251 2170 unde
2272 2103 2510 2170 factum

212 2200 233 2218 ‘
264 2209 387 2284 est,
430 2209 509 2269 ut
554 2204 747 2269 etiam
792 2205 1128 2287 scriptores
1176 2205 1518 2271 Christiani
1563 2224 1639 2269 ea
1680 2204 1776 2269 uti
1819 2224 1945 2270 non
1986 2211 2380 2272 vererentur.
2431 2241 2503 2258 -—

263 2306 673 2372 Accusativos
750 2311 857 2372 Tv
871 2310 910 2373 ὁ
922 2312 962 2394 ἢ
990 2353 1007 2381 ,
1086 2311 1166 2373 M
1179 2333 1217 2395 η
1234 2334 1269 2370 κ
1289 2334 1308 2372 ι
1326 2332 1412 2373 στ
1428 2311 1467 2392 ἢ
1541 2307 1971 2373 technicorum
2034 2309 2317 2374 nonnulli
2379 2314 2511 2374 sta-

260 2414 521 2476 tuerunt
568 2404 686 2474 οὐκ
735 2404 873 2476 ἀπὸ
921 2414 1040 2476 τοῦ
1078 2412 1292 2477 Τυδέα
1337 2413 1781 2500 συνῃρῆσθαι,
1829 2405 1973 2477 ἀλλ’
2022 2405 2159 2478 ἀπὸ
2206 2415 2325 2479 τοῦ
2376 2416 2509 2478 Τυ-

266 2515 391 2599 δῆα
441 2509 929 2598 ἀποκεκόφθαι
952 2500 1300 2578 Eustss487.
1332 2514 1426 2593 11,
1475 2513 1591 2579 sed
1616 2512 1807 2579 schol.
1830 2513 1904 2578 B.
1926 2513 1997 2579 L.
2043 2513 2126 2578 ad
2145 2513 2218 2578 Il.
2241 2512 2362 2578 XV
2385 2512 2511 2578 339

262 2615 398 2680 iure
441 2613 729 2696 praefert
765 2616 1129 2696 synaeresin
1177 2616 1337 2700 [cap.
1383 2616 1441 2682 V
1486 2617 1522 2700 ξ
1564 2616 1610 2680 »2
1654 2621 1721 2681 et
1762 2636 1822 2697 p.
1866 2616 1950 2683 83
1996 2615 2138 2699 sq.].
2166 2615 2511 2683 —-·Horum

262 2714 553 2784 meminit
597 2716 967 2799 Spitznerus
1031 2719 1099 2783 in
1164 2719 1352 2783 simili
1417 2736 1610 2784 causa
1627 2718 1803 2785 oXIV
1847 2717 1971 2784 265
1986 2769 2002 2800 ‚
2069 2716 2246 2782 cuius
2309 2719 2508 2783 multo

265 2816 578 2891 difficilior
607 2811 722 2883 ‘est
765 2819 1145 2900 diiudicatio,
1193 2820 1272 2891 de
1318 2821 1672 2886 accusativo
1718 2825 1929 2903 ΖΗΝ,
1973 2838 2161 2903 quem
2192 2818 2510 2885 Homerus

262 2918 708 3002 Hesiodusque
750 2922 828 2987 in²
863 2923 1035 2987 exitu
1078 2917 1301 2989 versus
1366 2927 1516 2988 ante
1560 2924 1841 2989 vocalem
1893 2926 2257 3005 posuerunt.
2345 2922 2512 2988 Huic

265 3022 672 3088 Aristarchus
717 3024 1168 3106 apostrophum
1212 3025 1444 3091 adiecit
1456 3025 1518 3109 *)
1534 3020 1580 3106 ,’
1617 3025 1948 3091 Bekkerus
1991 3026 2307 3107 integrum
2363 3025 2535 3090 red-·

267 3123 426 3189 didit
469 3129 610 3211 Ζῆν
624 3174 642 3205 ,
708 3144 897 3208 quem
942 3128 1231 3210 sequitur
1271 3127 1716 3194 Lachmannus
1762 3130 1845 3194 ad
1886 3128 2069 3194 Lucr.
2114 3128 2179 3192 H
2228 3126 2377 3206 118,
2430 3129 2510 3191 ”et

270 3225 359 3290 sic
399 3229 595 3293 etiam
637 3234 924 3294 veterum
966 3230 1029 3311 ii,
1074 3231 1199 3313 qui,
1244 3235 1320 3294 ut
1357 3230 1737 3297 Eustathius
1783 3231 1950 3310 dicit,
1997 3247 2271 3311 apocope
2315 3228 2506 3293 muti-

265 3325 464 3394 latum
485 3335 806 3412 putarunt,
833 3332 1008 3398 cuius
1030 3333 1289 3397 minima
1306 3331 1755 3413 prohabilitas·;
1788 3333 1938 3397 aliis
1959 3331 2229 3400 fortasse
2253 3350 2291 3395 a
2311 3330 2511 3395 nomi-

268 3431 567 3497 minativo
579 3434 851 3514 quodam
862 3434 1102 3515 primae
1127 3432 1562 3501 declinationis
1578 3431 1716 3520 Ζὴς
1737 3434 1838 3499 vel
1850 3438 1986 3521 Ζῆς
2011 3434 2397 3500 declinatum
2416 3432 2508 3505 vi-

268 3548 410 3598 sum
421 3539 538 3599 est.
561 3533 719 3615 Huc,
745 3536 798 3600 si
810 3555 1103 3618 unquam,
1128 3536 1582 3602 convenitillud
1595 3536 2237 3603 consideratissimum
2245 3533 2509 3601 verbum

269 3629 759 3716 &naxon—Prae
781 3637 1009 3703 ceteris
1025 3638 1309 3704 mirabile
1332 3644 1448 3721 est,
1472 3639 1618 3705 11.V
1641 3636 1767 3705 256
1782 3645 1953 3725 τρεῖν
1975 3635 2040 3720 μ’
2071 3633 2189 3705 οὗκ
2212 3635 2299 3725 ἐᾷ
2326 3636 2506 3700 Παλ-

273 3734 395 3813 λὰς
431 3733 683 3827 Ἀθήνη
729 3738 847 3805 1106
887 3756 1189 3821 praesens
1232 3740 1729 3823 monosyllabum
1772 3740 2134 3805 Herodiano
2176 3742 2510 3816 tantopere

273 3835 685 3922 displicuisse,
731 3846 804 3905 ut
847 3856 924 3906 ex
946 3837 1068 3931 ἐάᾳ
1087 3859 1462 3913 conversum
1482 3845 1769 3924 putaret:
1814 3845 2011 3908 τοῦτο
2034 3838 2254 3906 τοίνυν
2284 3837 2358 3905 τὸ
2385 3833 2507 3927 ἐάᾳ

272 3934 551 4006 δύναται
594 3938 729 4007 κατ’
782 3938 1138 4030 ἀποκοπὴν
1184 3940 1499 4032 εἰρῆσθαι
1566 3949 1841 4030 ,μεριεῖν
1883 3942 1948 4027 μ’
2000 3938 2137 4010 οὐκ
2183 3941 2356 4019 ε’ἀ“,
2409 3939 2501 4005 ἔν·

349 4175 470 4237 ,1)
507 4177 595 4232 Sic
610 4182 685 4238 ibi
702 4184 953 4249 scriptum
973 4188 1069 4247 est,
1103 4198 1209 4234 non
1228 4182 1391 4250 Νηὸί,
1422 4189 1483 4237 ut
1504 4184 1760 4237 Matthiae
1795 4184 1899 4236 dici
1879 4189 2156 4251 itgramm.
2175 4185 2207 4245 ἓ
2230 4179 2438 4235 maun.
2456 4175 2517 4229 2..

411 4261 472 4329 ⁴)
507 4263 671 4318 Adam:
707 4269 922 4332 „Her-m.
955 4268 1178 4321 Blemm-
1212 4265 1366 4323 351“
1431 4304 1438 4305 κ

380 4361 491 4404 Lob
502 4366 617 4417 och,
641 4367 812 4413 Pathol.
840 4366 897 4409 Π.
2088 4353 2166 4419 18
