2946 4928
1702 45 1765 85 s

423 343 539 411 148
564 333 566 335 ’
1165 336 1720 410 DISSERTATIO
1784 344 1925 413 VII.

413 511 786 590 sequeretur
825 507 1059 574 vocalis
1074 558 1089 588 ‚
1137 512 1203 573 et
1264 526 1713 590 nonnunquam
1775 512 1923 574 ante
1969 507 2240 590 stigmen
2281 524 2521 589 pausae
2566 508 2655 572 si«

322 624 340 678 ῖ
411 612 700 693 guandae
743 627 951 675 causa.
1037 610 1176 694 Hoc
1218 615 1434 677 tamen
1476 629 1602 676 non
1633 611 1726 677 ⁴de
1770 609 2057 702 omnibus
2102 607 2415 676 adverbiis
2449 609 2653 690 valet}

412 731 562 778 nam
607 717 756 778 sunt
799 714 1008 793 etiam,
1056 712 1285 794 quibus
1327 713 1518 779 litera
1560 714 1687 779 ista
1728 715 1821 779 ita
1860 713 2161 795 induruit,
2206 717 2281 779 ut
2322 712 2404 779 ab
2450 713 2652 779 omni-

413 815 534 882 bus
581 814 824 881 Graece
867 814 1269 897 loquentibus
1312 816 1607 899 religiose
1652 817 2075 882 custodiretur
2089 868 2104 898 ,
2179 806 2357 882 cui'us
2400 817 2654 899 generis

410 922 559 983 sunt
626 917 841 995 ἔνθεν,
909 916 1167 985 ἐκεῖθεν
1233 923 1300 984 et
1365 918 1491 983 alia
1555 919 1868 1001 quaedam
1931 924 2156 1001 postea
2209 918 2651 1001 expromenda.

411 1020 591 1098 Quod
634 1037 784 1087 vero
830 1021 1187 1086 criticorum
1227 1026 1588 1087 nostrorum
1632 1022 2044 1088 eruditissimi
2085 1021 2486 1101 contendunt,
2519 1020 2653 1085 hoc

415 1122 608 1188 fixum
652 1128 719 1190 et
760 1128 1151 1206 perpetuum·
1192 1123 1388 1190 fuisse
1434 1123 1714 1208 syllabae
1758 1143 2056 1191 versuum
2099 1118 2359 1189 ultimae
2404 1119 2649 1186 stabili-

334 1225 340 1234 '
409 1230 710 1307 mentum,
755 1214 823 1291 id
865 1226 993 1291 iam
1035 1225 1439 1293 manifestum
1485 1232 1585 1292 est
1604 1226 1910 1293 librorum
1933 1224 2247 1307 suffragiis
2292 1223 2649 1291 confirmari

407 1347 533 1394 non
575 1333 762 1411 posse
807 1334 874 1395 et
917 1329 1150 1395 clarius
1195 1330 1387 1395 etiam
1428 1332 1702 1413 patescit
1756 1348 1833 1396 ex
1878 1327 2302 1413 sequentibus.

581 1450 634 1534 ξ.
659 1450 717 1515 2.
762 1449 1031 1537 Vincula
1071 1449 1198 1531 illa,
1242 1450 1469 1533 quibus
1514 1450 1854 1516 Homerica
1888 1449 2203 1531 scriptura
2225 1448 2530 1513 adstricta
2550 1452 2649 1513 te-

404 1555 610 1631 netur,
656 1551 1110 1635 aliquantisper
1128 1553 1426 1620 laxarunt
1465 1557 1745 1636 poetae
1788 1551 2297 1634 posteriores,
2363 1550 2649 1615 Primum

310 1736 317 1742 1
372 1667 373 1670 ’
406 1639 570 1719 enim
593 1654 894 1720 adverbia
917 1675 956 1720 a
975 1655 1330 1722 nominibus
1349 1657 1628 1721 locorum
1653 1656 1859 1736 ducta,
1872 1654 2099 1737 quibus
2124 1672 2277 1720 usus
2302 1653 2649 1719 communis

403 1777 487 1840 ny
532 1758 778 1838 asserit,
824 1758 1044 1823 eodem
1089 1758 1273 1823 modo
1319 1757 1603 1823 scribunt
1624 1776 1813 1823 versu
1836 1762 2131 1823 exeunte:
2178 1754 2647 1845 Κεκροπίηθεν

406 1858 860 1942 Callimhymn.
883 1860 949 1924 in
971 1860 1152 1925 Dian.
1178 1860 1323 1940 227,
1355 1856 1670 1949 Ἀσσυρίη
1681 1867 1795 1926 θεν
1821 1858 2014 1941 Orph.
2037 1858 2203 1924 Lith.
2229 1856 2662 1939 6831111313-ν
2749 1932 2757 1941 ,

404 1966 696 2043 queante
721 1979 1088 2039 consonam3
1114 1961 1227 2026 sed
1249 1960 1601 2044 ubicunque
1620 1967 1822 2027 metro
1849 1948 2153 2041 convenit,
2168 1962 2369 2026 altera
2378 1965 2648 2026 utuntur

404 2053 627 2143 forma*
638 2080 829 2146 quam
837 2062 1154 2127 Homerus
1175 2062 1497 2144 repudiat:
1526 2062 1946 2128 Callimachus
1959 2062 2138 2148 Εὖβο
2145 2062 2646 2151 ιἠθε,Νεμ’ἐηθε

404 2170 471 2231 et
488 2162 840 2253 Κυπρόθε,
887 2163 1206 2228 Nicander
1245 2158 1575 2250 Ἰαονίηθε
1619 2171 1686 2231 et
1719 2161 2096 2251 Ὠδονίηθε,
2125 2163 2316 2247 Orph.
2342 2165 2489 2248 Arg.
2521 2164 2645 2231 198

392 2264 824 2353 Ἀρκαδίηθε,
877 2266 1246 2331 Theocritus
1303 2264 1663 2348 Λιβύαθε,
1709 2266 1976 2345 Quintus
2029 2266 2090 2333 V
2133 2265 2258 2332 350
2326 2265 2644 2356 Κρήτη-93

403 2371 642 2454 (omiss.
685 2370 751 2434 in
796 2368 1010 2451 Thes)
1058 2373 1124 2434 et
1175 2365 1522 2455 Φρυγιήθε
1565 2369 1723 2435 VIII
1766 2369 1870 2449 85,
1938 2388 2203 2451 quorum
2254 2375 2504 2451 partem
2545 2370 2643 2435 in-

403 2473 635 2539 dicavit
677 2473 719 2538 J
720 2472 1011 2538 acobsius
1055 2473 1122 2536 in
1164 2470 1362 2553 praef.
1407 2470 1658 2536 Anthol.
1703 2473 1835 2536 Pal.
1879 2491 1940 2554 p.
1978 2471 2144 2552 XCI,
2190 2477 2256 2537 et
2295 2473 2414 2539 hoc
2456 2474 2645 2540 modo

406 2572 783 2642 Σικυώνοθε
827 2574 927 2639 bis
974 2575 1304 2639 aPindaro
1326 2575 1603 2656 positum
1628 2579 1743 2654 est,
1788 2593 1976 2656 quem
2001 2575 2189 2639 schol.
2212 2575 2636 2658 Pyth.1V,181

400 2677 564 2745 hanc
603 2678 921 2742 licentiam
944 2678 1137 2743 etiam
1161 2677 1242 2742 ad
1265 2677 1620 2742 communia
1640 2675 1983 2742 transferre
2030 2677 2209 2742 dicit:
2260 2673 2449 2764 ἄνερ
2465 2685 2638 2758 οθερ·

403 2778 567 2859 ἔθος
611 2782 735 2869 γὰρ
782 2784 910 2847 τῶν
954 2782 1252 2846 τοπικῶν
1295 2783 1370 2845 τὸ
1416 2774 1817 2867 ἶᾶφαιρεῖν,
1865 2779 2033 2862 quod
2074 2778 2346 2861 probant
2369 2783 2642 2860 quatuor

400 2882 525 2947 alia
567 2882 754 2947 huius
801 2882 1166 2964 aphaeresis
1211 2882 1498 2964 exempla
1528 2880 1889 2946 Pindarica:
1939 2877 2268 2968 πάτραθε,
2312 2877 2643 2968 ματρόθε,4

405 2976 767 3071 πρώραθε,
839 2980 1146 3071 τηλόθε..,“
1224 2985 1592 3066 Horumque
1655 2984 2056 3064 recordatuS,
2122 2986 2304 3065 puto,
2372 2982 2638 3049 scholio-

399 3082 676 3168 graphus
719 3085 1037 3167 Aristoph.
1081 3085 1225 3153 Pac.
1273 3085 1416 3166 313,
1462 3085 1572 3150 ubi
1600 3104 1821 3151 versus
1866 3084 2220 3151 trochaicus
2264 3090 2639 3152 tetrameter

397 3188 522 3253 huc
576 3187 730 3252 exit:
799 3187 914 3285 τὸν
984 3184 1287 3253 κάτωθεν
1333 3187 1707 3274 Κέρβερον,
1775 3189 2041 3253 alteram
2106 3187 2481 3269 scripturam
2545 3188 2638 3253 sic

397 3289 878 3372 interpretatur:
927 3285 1092 3377 φαοὶ
1125 3289 1326 3377 χωρὶς
1369 3295 1489 3357 τοῦ
1534 3292 1686 3363 {515
1733 3287 2099 3357 κάτωθεν
2147 3284 2478 3374 λέγεσθαι,
2522 3287 2636 3356 ιι”νοι

393 3383 439 3480 ᾗ
488 3394 797 3481 Δωριέων
864 3392 1140 3474 μᾶλλον.
1230 3395 1496 3481 Χρῆται
1565 3393 1639 3462 δὲ
1706 3388 1920 3481 ὁμοίῳ
1966 3383 2076 3457 καὶ
2120 3388 2460 3478 Πίνδαρος
2505 3385 2633 3458 ὅν-

398 3500 655 3580 τροθε
676 3495 741 3576 ¹).
828 3493 1006 3559 Haec
1049 3495 1258 3560 omnia
1301 3514 1375 3561 eo
1405 3512 1629 3562 versus
1672 3498 1809 3562 loco
1851 3494 2062 3576 posita
2091 3497 2253 3573 sunt,
2300 3511 2423 3575 quo
2443 3494 2634 3576 longa

400 3594 644 3677 syllaba
700 3588 1072 3675 excluditur,
1139 3615 1337 3678 quare
1382 3599 1461 3663 de
1508 3599 1821 3683 scriptura
1862 3597 2037 3662 nulla
2080 3613 2221 3661 esse
2263 3601 2474 3678 potest
2518 3596 2633 3662 du-

398 3695 661 3763 bitatio·
727 3699 903 3763 Inter
947 3697 1102 3762 duos
1148 3700 1539 3767 continentes
1575 3718 1814 3781 versuS,
1860 3717 2124 3783 quorum
2168 3698 2329 3763 alter
2373 3718 2412 3763 a
2433 3698 2633 3765 vocali

397 3800 658 3882 orditur,
702 3801 954 3867 literam
983 3800 1363 3884 expletivam
1383 3808 1627 3885 poetae,
1660 3821 1815 3886 quos
1862 3802 2019 3882 dim,
2066 3800 2174 3882 sic,
2218 3805 2292 3865 ut
2312 3798 2628 3866 Homerus

537 4054 588 4118 l)
624 4056 689 4107 In
723 4057 906 4109 codice
940 4058 1073 4115 ven.
1119 4062 1314 4112 rectius
1367 4061 1617 4126 scr-Iptum
1673 4067 1757 4114 est
1806 4054 2063 4129 ἀντρόθε.
2168 4058 2417 4109 Doricum
2452 4053 2628 4124 nequo

396 4136 500 4190 hoc
535 4140 641 4192 dici
675 4147 849 4208 potest
881 4159 1052 4210 neque
1091 4139 1324 4199 κάτωθε.
1393 4145 1516 4198 Hoc
1548 4147 1811 4199 Pindarus
1846 4150 2011 4196 metro
2048 4145 2325 4207 concessit,
2357 4142 2465 4194 alia
2498 4160 2627 4195 con-

314 4270 322 4276 .
393 4230 538 4274 sueto
575 4238 719 4278 more
754 4228 1050 4293 appellans:
1089 4225 1390 4296 πάντοθεν,
1426 4226 1689 4298 πεδόθεν,
1725 4224 2026 4294 Πινδόθεν,
2056 4222 2421 4296 Ὀλυμπόθεν,
2467 4225 2624 4282 Ἐπι-

389 4304 684 4378 δαυρόθεν,
732 4306 1027 4382 Χερσόθεν.
