2946 4928
426 323 559 394 '2⁵0
887 269 898 283 ό
1188 325 1747 396 DISSERTATIO
1792 328 1935 397 vn.

433 486 683 578 κηρόθι
725 491 1003 574 μᾶλλον.
1073 491 1150 558 Id
1191 492 1531 576 dupliciter
1574 494 1775 576 accipi
1818 499 2048 579 potest,
2092 496 2194 562 vel
2239 494 2332 562 sic
2370 498 2446 560 ut
2467 493 2689 561 Xeno-

428 592 599 676 phon
642 592 803 659 dixit
865 589 980 660 τὸν
1036 586 1245 680 ἄνδρα
1300 596 1528 679 μεῖζον
1591 600 1709 684 τῆς
1767 594 2019 664 ἑαυτῶν
2072 602 2293 688 ψυχῆς
2335 596 2683 688 ἐτίμησαν,

429 713 555 778 quo
598 700 806 762 sumto
851 693 1098 786 κηρόθι
1139 699 1298 764 nihil
1340 700 1514 766 aliud
1557 704 1659 766 est
1700 718 1890 783 quam
1923 701 2236 782 genitivus
2258 702 2680 785 paragogicus

430 803 506 863 ut
547 794 882 886 οὐρανόθι
895 846 916 878 ,
983 800 1085 866 vel
1149 801 1334 868 idem·
1382 803 1555 869 valet
1620 803 1936 870 adverbiis
2000 803 2245 870 Latinis
2310 801 2677 887 cordicitus,

427 898 790 965 medullitus
833 906 900 967 et
945 902 1191 970 Graeco
1239 903 1547 988 ψυχόθεν
1593 906 1725 972 sive
1770 906 2133 997 elegantius
2168 907 2238 974 ἐκ
2284 910 2505 993 Ψυχῆς
2518 955 2531 980 ι
2601 903 2680 978 ἐκ

432 1007 687 1087 θυμοῦ,
736 1003 807 1071 ἐκ
832 1001 1093 1094 φρενός.
1161 1006 1300 1074 Hoc
1319 1027 1470 1075 vero
1516 1009 1571 1074 si
1593 1009 1986 1092 adoptamus,
2029 1011 2285 1094 μᾶλλον
2329 1014 2443 1076 aut
2475 1008 2678 1076 abun-

428 1107 556 1188 dat,
600 1112 675 1172 ut
715 1106 1118 1175 Hermannus
1162 1111 1389 1176 statuit
1430 1111 1598 1177 hunc
1640 1111 1847 1177 locum
1892 1113 2209 1195 attingens
2255 1114 2338 1179 ad
2379 1111 2461 1178 H.
2481 1112 2562 1179 H.
2605 1113 2675 1177 in

427 1207 565 1274 Cer.
612 1207 738 1275 362
754 1258 771 1288 ‚
838 1215 953 1276 aut
1015 1212 1099 1277 ad
1143 1199 1665 1295 significationem
1719 1216 1973 1297 positivi
2036 1212 2222 1299 μάλα
2274 1215 2532 1296 recidit,
2596 1219 2677 1283 ut

428 1329 621 1395 saepe
667 1315 941 1396 θᾶττον,
990 1314 1162 1403 λῷον
1184 1315 1267 1398 *).

594 1415 881 1482 Eandem
924 1436 1068 1483 cum
1109 1417 1209 1484 his
1255 1416 1781 1500 significationem
1824 1421 1946 1487 loci
1987 1421 2056 1485 in
2100 1443 2221 1506 quo
2232 1468 2269 1504 ‚⁴
2297 1422 2412 1488 sed
2455 1421 2663 1488 diver-

424 1537 561 1586 sam
629 1519 936 1602 originem
995 1521 1194 1587 habet
1234 1522 1748 1589 terminationum
1798 1523 2093 1590 localium
2135 1524 2329 1590 tertia
2370 1528 2428 1596 ἷι
2469 1524 2674 1591 nomi-

421 1622 609 1689 nibus
651 1623 896 1704 primae
940 1623 1319 1690 adhaerens:
1360 1622 1696 1709 Ὀλυμπία
1734 1621 2161 1707 Ὀλυμπίασι.
2235 1625 2333 1693 De
2375 1626 2496 1694 hoe
2515 1644 2675 1709 quo*-

420 1745 546 1810 que
589 1743 820 1809 genere
862 1726 1201 1808 aliquando
1248 1727 1606 1794 dubitatum
1670 1733 1797 1809 est,
1864 1728 2114 1795 cuinam
2157 1730 2459 1798 orationis
2501 1730 2678 1812 parti

421 1829 905 1897 adscribendum
950 1834 1019 1895 et
1058 1847 1183 1911 quo
1226 1831 1411 1897 modo
1443 1831 1845 1898 scribendum
1890 1832 1989 1897 sit.
2077 1831 2348 1917 Utrique
2388 1832 2673 1915 quaesti·

421 1933 526 1999 oni
568 1932 910 2014 respondet
952 1934 1401 2022 grammaticus
1445 1935 1513 1999 in
1557 1933 1699 1999 EM.
1746 1934 1847 2000 25.
1898 1933 1977 1999 13
2021 1933 2257 2023 ἐπειδὴ
2302 1934 2382 2002 τὰ
2431 1931 2526 2015 εἷς
2554 1937 2678 2008 ἐἶν

419 2030 841 2125 ἐπιῤῥήματα
884 2033 993 2101 καὶ
1037 2035 1119 2102 τὰ
1165 2033 1260 2116 εἷς
1311 2039 1381 2108 ’θῖ
1431 2035 1549 2124 τὴν
1593 2029 1798 2123 αὐτὴν
1844 2034 2363 2124 παραλήγουσαν
2414 2035 2674 2126 φυλάτ-

419 2159 519 2205 τει
564 2136 676 2205 καὶ
721 2136 832 2203 τὸν
897 2132 1100 2217 αὐτὸν
1163 2137 1356 2206 τόνον
1422 2131 1566 2207 οἷον
1633 2136 1909 2207 οἴκοθεν
1974 2136 2238 2222 οἴκοθι,
2304 2138 2678 2225 Λεσβόθεν

417 2237 763 2325 Λεσβόθι,
798 2237 1265 2325 Ὀλυμπίαθεν
1285 2237 1725 2326 Ὀλυμπίαθι,
1772 2240 1910 2310 ἔδει
1940 2242 2053 2309 καὶ
2072 2239 2449 2330 Ἀθήνηθεν
2463 2238 2674 2331 ’Λθή-

419 2367 591 2432 νησι,
642 2338 908 2432 Θήβησι
953 2349 1136 2434 etc„
1169 2348 1285 2413 sed
1328 2348 1510 2413 addit
1549 2347 1651 2414 his
1693 2363 1942 2430 quoque
1985 2345 2118 2412 iota
2158 2344 2476 2412 adiectum
2527 2364 2673 2413 esse

420 2446 534 2517 διὰ
577 2445 655 2513 τὸ
700 2454 1063 2533 συμπεσεῖν
1104 2455 1253 2530 ταῖς
1294 2446 1589 2534 ἶῳνικαῖς
1632 2454 1945 2529 connais.
2036 2447 2158 2514 Hic
2221 2447 2416 2531 igitur
2478 2449 2671 2533 sylla-

417 2553 567 2618 bam
615 2554 680 2624 ῖῐῑ
734 2553 957 2619 eodem
999 2553 1135 2620 loco
1178 2553 1376 2621 habet
1416 2574 1541 2638 quo
1587 2558 1656 2627 Ξ
1706 2557 1774 2621 et
1813 2558 1952 2636 532.
2040 2551 2139 2618 De
2180 2551 2479 2621 merismo
2521 2568 2670 2620 con—

419 2657 617 2723 sentit
661 2648 1037 2729 Schaeferus
1081 2657 1165 2722 ad
1207 2654 1393 2739 Greg.
1446 2656 1588 2738 168,
1633 2658 1766 2723 iota
1809 2661 2022 2722 autem
2064 2654 2494 2722 necessarium
2552 2654 2670 2721 du-

419 2758 508 2829 cit
546 2777 673 2826 non
716 2759 921 2825 solum
962 2758 1081 2840 hia,
1130 2758 1245 2824 sed
1287 2760 1484 2825 etiam
1526 2759 1652 2825 illis
1693 2760 1762 2825 in
1803 2760 1943 2843 ἦῖῦ
1985 2758 2378 2838 exeuntibuS,
2428 2776 2558 2840 qua
2600 2758 2670 2824 in

418 2880 490 2929 re
536 2860 838 2945 deceptus
891 2867 992 2929 est
1057 2862 1291 2929 scholio
1334 2862 1803 2929 Villoisoniano.
1890 2860 2230 2927 Elmsleius
2294 2878 2446 2927 vero
2510 2860 2671 2927 1111111

415 2967 590 3033 aliud
631 2984 824 3050 quam
868 2966 1114 3032 dativos
1158 2984 1300 3031 esse
1341 2970 1530 3048 putat
1571 2984 1650 3031 ex
1692 2965 1907 3032 Ionica
1950 2963 2219 3030 dialecto
2260 2963 2329 3028 in
2386 2980 2665 3030 commu-

415 3088 563 3136 nem
605 3066 959 3135 transfusos
1002 3084 1346 3151 omnesque
1369 3068 1593 3134 eodem
1634 3068 1821 3134 modo
1845 3066 2207 3133 scribendos
2237 3066 2323 3132 ad
2341 3064 2513 3133 Med.
2535 3063 2668 3132 466

416 3173 588 3239 adn:
634 3171 869 3239 rectius
896 3167 1191 3255 fortasse
1219 3167 1521 3257 ζείγλησι
1553 3171 1689 3234 sinc
1731 3172 1781 3239 ἰ’
1821 3169 2174 3255 ειιόοονῂοιο
2218 3179 2289 3232 ut
2311 3162 2665 3256 Ἀθήνησι.

421 3274 554 3354 Quo
597 3273 877 3360 exemplo
899 3269 1299 3338 scribendum
1343 3273 1533 3337 ctiam
1575 3270 2009 3359 Ἀλωπεκῆσι,
2059 3271 2433 3357 Κεφαλῆσι,
2484 3273 2667 3357 Περ-

417 3385 653 3467 γασῆσι
701 3387 759 3441 et
799 3376 1042 3441 ez’m'lia
1085 3377 1312 3440 omnia.
1382 3374 1646 3442 Dativos
1690 3374 1731 3441 J
1732 3374 1943 3440 onicos
1989 3375 2080 3441 sic
2114 3372 2477 3440 scribendos
2499 3391 2666 3461 esse,

415 3466 645 3548 mirum
687 3485 788 3547 est
831 3479 1141 3563 quomodo
1183 3478 1277 3544 illi
1318 3479 1386 3545 in
1429 3482 1708 3546 mentem
1751 3478 1967 3545 venire
2010 3476 2304 3560 potuerit.
2387 3474 2516 3570 Sed
2560 3494 2666 3542 eo-

414 3572 586 3666 rum,
654 3602 820 3668 quae
862 3583 1144 3665 proxime
1187 3581 1470 3662 subiicit,
1538 3581 1703 3648 ratio
1745 3600 1872 3647 non
1915 3597 2117 3663 aeque
2162 3579 2507 3661 explorata.
2598 3578 2668 3649 Si

413 3688 570 3754 nihil
613 3687 788 3753 aliud
827 3704 1022 3769 quam
1066 3683 1497 3751 schematismi
1517 3684 1872 3751 dativorum
1917 3686 2082 3763 sunt,
2125 3681 2261 3747 iota
2273 3682 2507 3748 deesse
2539 3700 2666 3772 non
2735 3724 2743 3730 «

414 3795 641 3874 potest.
728 3790 817 3855 Et
857 3790 979 3855 hac
1022 3787 1432 3873 persuasione
1493 3787 1666 3853 ducti
1718 3784 2001 3852 nonnulli
2060 3801 2185 3849 non
2241 3784 2446 3850 solum
2500 3785 2668 3852 hanc

415 3898 882 3976 supposuerunt
942 3890 1226 3957 vocalem
1289 3893 1364 3954 ut
1420 3884 1657 3976 Ἁλῆσι
1711 3886 2026 3954 Plutarch.
2089 3906 2148 3952 v.
2192 3886 2421 3954 Anton.
2468 3887 2666 3970 LXX,

556 4148 614 4212 ²⁸)
647 4106 824 4204 Adra-:⁴
851 4150 1339 4217 „Quemadmodum
1378 4155 1554 4201 antem
1588 4150 1645 4199 in
1680 4148 1822 4200 omni
1855 4161 2050 4215 genere
2101 4146 2357 4198 sermonis
2408 4147 2668 4200 intercur-

413 4244 535 4290 sant
587 4239 841 4303 quaedam
895 4239 1231 4302 rofi-octaris,
1295 4238 1372 4287 ita
1425 4230 1570 4287 οἰόθι
1628 4231 1885 4302 Apollonii
1935 4230 2240 4299 figmentum
2310 4248 2417 4285 non
2485 4233 2665 4288 locum

419 4324 595 4390 ugma
