<?xml version="1.0" encoding="UTF-8"?>
<!DOCTYPE html PUBLIC "-//W3C//DTD XHTML 1.0 Transitional//EN"
    "http://www.w3.org/TR/xhtml1/DTD/xhtml1-transitional.dtd">
<html xmlns="http://www.w3.org/1999/xhtml" xml:lang="en" lang="en">
 <head>
  <title>
</title>
<meta http-equiv="Content-Type" content="text/html;charset=utf-8" />
  <meta name='ocr-system' content='tesseract 3.04.00' />
  <meta name='ocr-capabilities' content='ocr_page ocr_carea ocr_par ocr_line ocrx_word'/>
</head>
<body>
  <div class='ocr_page' id='page_1' title='image "./pathologiaegrae02lobegoog_0201.png"; bbox 0 0 2946 4928; ppageno 0'>
   <div class='ocr_carea' id='block_1_1' title="bbox 677 315 2576 402">
    <p class='ocr_par' dir='ltr' id='par_1_1' title="bbox 677 315 2576 402">
     <span class='ocr_line' id='line_1_1' title="bbox 677 315 2576 402; baseline 0.001 -19"><span class='ocrx_word' id='word_1_1' title='bbox 677 316 793 384; x_wconf 92' lang='lat' dir='ltr'><strong><em>DE</em></strong></span> <span class='ocrx_word' id='word_1_2' title='bbox 836 316 1630 385; x_wconf 84' lang='lat' dir='ltr'>PROSCHEMATISMO.</span> <span class='ocrx_word' id='word_1_3' title='bbox 1720 316 1862 384; x_wconf 91' lang='lat' dir='ltr'>P.I.</span> <span class='ocrx_word' id='word_1_4' title='bbox 1910 315 2082 383; x_wconf 85' lang='lat' dir='ltr'><strong><em>G.11.</em></strong></span> <span class='ocrx_word' id='word_1_5' title='bbox 2128 317 2182 402; x_wconf 63' lang='grc' dir='ltr'><strong><em>ἓ.</em></strong></span> <span class='ocrx_word' id='word_1_6' title='bbox 2209 316 2266 381; x_wconf 85' lang='grc'><strong><em>7.</em></strong></span> <span class='ocrx_word' id='word_1_7' title='bbox 2455 315 2576 385; x_wconf 81' lang='grc'><strong><em>183</em></strong></span> 
     </span>
    </p>
   </div>
   <div class='ocr_carea' id='block_1_2' title="bbox 510 480 2663 564">
    <p class='ocr_par' dir='ltr' id='par_1_2' title="bbox 510 480 2663 564">
     <span class='ocr_line' id='line_1_2' title="bbox 510 480 2663 564; baseline -0 -16"><span class='ocrx_word' id='word_1_8' title='bbox 510 483 653 549; x_wconf 89' lang='lat' dir='ltr'><strong><em>Non</em></strong></span> <span class='ocrx_word' id='word_1_9' title='bbox 698 482 926 549; x_wconf 88' lang='lat' dir='ltr'>eadem</span> <span class='ocrx_word' id='word_1_10' title='bbox 972 501 1099 564; x_wconf 88' lang='lat' dir='ltr'><strong><em>qua</em></strong></span> <span class='ocrx_word' id='word_1_11' title='bbox 1141 483 1250 549; x_wconf 90' lang='lat' dir='ltr'>ille</span> <span class='ocrx_word' id='word_1_12' title='bbox 1291 481 1593 564; x_wconf 80' lang='lat' dir='ltr'>Aeschyli</span> <span class='ocrx_word' id='word_1_13' title='bbox 1639 481 2010 550; x_wconf 88' lang='lat' dir='ltr'>emendator</span> <span class='ocrx_word' id='word_1_14' title='bbox 2052 480 2272 547; x_wconf 88' lang='lat' dir='ltr'>unicus</span> <span class='ocrx_word' id='word_1_15' title='bbox 2319 498 2575 549; x_wconf 86' lang='lat' dir='ltr'>accura-</span> <span class='ocrx_word' id='word_1_16' title='bbox 2649 482 2663 488; x_wconf 81' lang='grc'><strong>“</strong></span> 
     </span>
    </p>
   </div>
   <div class='ocr_carea' id='block_1_3' title="bbox 329 584 2681 668">
    <p class='ocr_par' dir='ltr' id='par_1_3' title="bbox 329 584 2681 668">
     <span class='ocr_line' id='line_1_3' title="bbox 329 584 2681 668; baseline -0.001 -17"><span class='ocrx_word' id='word_1_17' title='bbox 329 585 506 651; x_wconf 90' lang='lat' dir='ltr'>tione</span> <span class='ocrx_word' id='word_1_18' title='bbox 564 584 607 650; x_wconf 87' lang='lat' dir='ltr'>S</span> <span class='ocrx_word' id='word_1_19' title='bbox 621 604 660 650; x_wconf 98' lang='lat' dir='ltr'>o</span> <span class='ocrx_word' id='word_1_20' title='bbox 674 585 771 667; x_wconf 91' lang='lat' dir='ltr'><strong><em>ph</em></strong></span> <span class='ocrx_word' id='word_1_21' title='bbox 785 605 820 651; x_wconf 96' lang='lat' dir='ltr'>o</span> <span class='ocrx_word' id='word_1_22' title='bbox 835 587 980 651; x_wconf 89' lang='lat' dir='ltr'>clis</span> <span class='ocrx_word' id='word_1_23' title='bbox 1048 588 1323 668; x_wconf 72' lang='lat' dir='ltr'>editores</span> <span class='ocrx_word' id='word_1_24' title='bbox 1370 584 1654 651; x_wconf 81' lang='lat' dir='ltr'>&#39;codicum</span> <span class='ocrx_word' id='word_1_25' title='bbox 1696 584 2159 667; x_wconf 81' lang='lat' dir='ltr'>discrepantias</span> <span class='ocrx_word' id='word_1_26' title='bbox 2201 584 2576 649; x_wconf 82' lang='lat' dir='ltr'>indicarunt.</span> <span class='ocrx_word' id='word_1_27' title='bbox 2674 624 2681 630; x_wconf 92' lang='lat'><em>—</em></span> 
     </span>
    </p>
   </div>
   <div class='ocr_carea' id='block_1_4' title="bbox 306 686 2583 4382">
    <p class='ocr_par' dir='ltr' id='par_1_4' title="bbox 322 686 2583 2221">
     <span class='ocr_line' id='line_1_4' title="bbox 329 686 2576 771; baseline 0.001 -20"><span class='ocrx_word' id='word_1_28' title='bbox 329 687 432 752; x_wconf 92' lang='lat' dir='ltr'><strong><em>De</em></strong></span> <span class='ocrx_word' id='word_1_29' title='bbox 452 686 771 753; x_wconf 83' lang='lat' dir='ltr'>vocabulis</span> <span class='ocrx_word' id='word_1_30' title='bbox 794 689 1050 771; x_wconf 86' lang='lat' dir='ltr'>quidem</span> <span class='ocrx_word' id='word_1_31' title='bbox 1072 692 1355 756; x_wconf 84' lang='lat' dir='ltr'>vocalem</span> <span class='ocrx_word' id='word_1_32' title='bbox 1380 688 1897 754; x_wconf 81' lang='lat' dir='ltr'>antecedentibus</span> <span class='ocrx_word' id='word_1_33' title='bbox 1934 688 2091 753; x_wconf 91' lang='lat' dir='ltr'>nihil</span> <span class='ocrx_word' id='word_1_34' title='bbox 2113 687 2576 753; x_wconf 84' lang='lat' dir='ltr'>controversiae</span> 
     </span>
     <span class='ocr_line' id='line_1_5' title="bbox 331 784 2575 880; baseline -0.001 -24"><span class='ocrx_word' id='word_1_35' title='bbox 331 795 461 857; x_wconf 77' lang='lat' dir='ltr'>est:</span> <span class='ocrx_word' id='word_1_36' title='bbox 519 788 811 877; x_wconf 84' lang='grc' dir='ltr'><strong><em>σφίσινΙΙ</em></strong></span> <span class='ocrx_word' id='word_1_37' title='bbox 840 789 1127 880; x_wconf 76' lang='grc' dir='ltr'><strong><em>ἀρχηγός</em></strong></span> <span class='ocrx_word' id='word_1_38' title='bbox 1150 793 1305 859; x_wconf 83' lang='lat' dir='ltr'>Oed.</span> <span class='ocrx_word' id='word_1_39' title='bbox 1331 792 1380 859; x_wconf 86' lang='lat' dir='ltr'>C</span> <span class='ocrx_word' id='word_1_40' title='bbox 1427 791 1510 858; x_wconf 85' lang='lat'><strong><em>59</em></strong></span> <span class='ocrx_word' id='word_1_41' title='bbox 1557 797 1624 857; x_wconf 78' lang='lat' dir='ltr'><strong><em>et</em></strong></span> <span class='ocrx_word' id='word_1_42' title='bbox 1667 793 1897 859; x_wconf 80' lang='lat' dir='ltr'>Similia</span> <span class='ocrx_word' id='word_1_43' title='bbox 1940 784 2397 875; x_wconf 81' lang='grc' dir='ltr'><strong><em>κατεύγμασιν,</em></strong></span> <span class='ocrx_word' id='word_1_44' title='bbox 2444 785 2575 856; x_wconf 81' lang='grc' dir='ltr'><strong><em>δώ-</em></strong></span> 
     </span>
     <span class='ocr_line' id='line_1_6' title="bbox 331 888 2577 985; baseline -0 -27"><span class='ocrx_word' id='word_1_45' title='bbox 331 919 560 977; x_wconf 80' lang='grc' dir='ltr'><strong><em>μασιν,</em></strong></span> <span class='ocrx_word' id='word_1_46' title='bbox 608 888 952 974; x_wconf 79' lang='grc' dir='ltr'><strong><em>ὅνείδεσιν,</em></strong></span> <span class='ocrx_word' id='word_1_47' title='bbox 996 889 1239 984; x_wconf 67' lang='grc' dir='ltr'><strong><em>ἤροσεν</em></strong></span> <span class='ocrx_word' id='word_1_48' title='bbox 1284 901 1400 962; x_wconf 91' lang='lat' dir='ltr'>etc.</span> <span class='ocrx_word' id='word_1_49' title='bbox 1469 895 1596 961; x_wconf 82' lang='lat' dir='ltr'><strong><em>Sed</em></strong></span> <span class='ocrx_word' id='word_1_50' title='bbox 1631 895 1956 960; x_wconf 87' lang='lat' dir='ltr'>laboratur</span> <span class='ocrx_word' id='word_1_51' title='bbox 2000 894 2065 958; x_wconf 91' lang='lat' dir='ltr'>in</span> <span class='ocrx_word' id='word_1_52' title='bbox 2108 894 2306 985; x_wconf 83' lang='lat' dir='ltr'>altero</span> <span class='ocrx_word' id='word_1_53' title='bbox 2330 910 2577 976; x_wconf 85' lang='lat' dir='ltr'>genere.</span> 
     </span>
     <span class='ocr_line' id='line_1_7' title="bbox 332 992 2578 1082; baseline -0 -19"><span class='ocrx_word' id='word_1_54' title='bbox 332 997 413 1064; x_wconf 86' lang='lat' dir='ltr'><strong><em>Id</em></strong></span> <span class='ocrx_word' id='word_1_55' title='bbox 456 998 812 1064; x_wconf 87' lang='lat' dir='ltr'>Brunckius</span> <span class='ocrx_word' id='word_1_56' title='bbox 859 1001 1113 1081; x_wconf 90' lang='lat' dir='ltr'>quidem</span> <span class='ocrx_word' id='word_1_57' title='bbox 1136 1004 1500 1067; x_wconf 87' lang='lat' dir='ltr'>constanter</span> <span class='ocrx_word' id='word_1_58' title='bbox 1540 1017 1699 1080; x_wconf 86' lang='lat' dir='ltr'>pure</span> <span class='ocrx_word' id='word_1_59' title='bbox 1730 998 2054 1065; x_wconf 88' lang='lat' dir='ltr'>terminat:</span> <span class='ocrx_word' id='word_1_60' title='bbox 2104 992 2382 1078; x_wconf 75' lang='grc' dir='ltr'><strong><em>θύμασι,</em></strong></span> <span class='ocrx_word' id='word_1_61' title='bbox 2428 994 2578 1082; x_wconf 82' lang='grc' dir='ltr'><strong><em>κέρ-</em></strong></span> 
     </span>
     <span class='ocr_line' id='line_1_8' title="bbox 335 1094 2575 1192; baseline -0.002 -24"><span class='ocrx_word' id='word_1_62' title='bbox 335 1104 498 1178; x_wconf 87' lang='grc' dir='ltr'><strong><em>δεσι,</em></strong></span> <span class='ocrx_word' id='word_1_63' title='bbox 550 1104 830 1192; x_wconf 84' lang='grc' dir='ltr'><strong><em>πήμασι,</em></strong></span> <span class='ocrx_word' id='word_1_64' title='bbox 877 1099 1199 1186; x_wconf 91' lang='grc' dir='ltr'><strong><em>καύμασι,</em></strong></span> <span class='ocrx_word' id='word_1_65' title='bbox 1249 1098 1559 1188; x_wconf 81' lang='grc' dir='ltr'><strong><em>ἆνδράσι,</em></strong></span> <span class='ocrx_word' id='word_1_66' title='bbox 1607 1094 1892 1185; x_wconf 70' lang='grc' dir='ltr'><strong><em>ὄμμασι,</em></strong></span> <span class='ocrx_word' id='word_1_67' title='bbox 1942 1094 2185 1177; x_wconf 80' lang='grc' dir='ltr'><strong><em>εἰδόσι,</em></strong></span> <span class='ocrx_word' id='word_1_68' title='bbox 2234 1094 2575 1177; x_wconf 81' lang='grc' dir='ltr'><strong><em>νεοσπάσι,</em></strong></span> 
     </span>
     <span class='ocr_line' id='line_1_9' title="bbox 329 1201 2579 1292; baseline -0.001 -21"><span class='ocrx_word' id='word_1_69' title='bbox 329 1203 645 1287; x_wconf 79' lang='grc' dir='ltr'><strong><em>ε’λώπισε,</em></strong></span> <span class='ocrx_word' id='word_1_70' title='bbox 714 1202 1144 1292; x_wconf 66' lang='grc' dir='ltr'><strong><em>προσήγαγε,</em></strong></span> <span class='ocrx_word' id='word_1_71' title='bbox 1196 1205 1532 1273; x_wconf 73' lang='grc' dir='ltr'><strong><em>ἐθέσπισε.</em></strong></span> <span class='ocrx_word' id='word_1_72' title='bbox 1621 1202 1986 1271; x_wconf 85' lang='lat' dir='ltr'>Dindorfius</span> <span class='ocrx_word' id='word_1_73' title='bbox 2029 1220 2179 1268; x_wconf 80' lang='lat' dir='ltr'>vero</span> <span class='ocrx_word' id='word_1_74' title='bbox 2221 1220 2348 1267; x_wconf 89' lang='lat' dir='ltr'><strong><em>non</em></strong></span> <span class='ocrx_word' id='word_1_75' title='bbox 2393 1201 2579 1269; x_wconf 77' lang='lat' dir='ltr'>aliter</span> 
     </span>
     <span class='ocr_line' id='line_1_10' title="bbox 329 1303 2583 1396; baseline -0.001 -24"><span class='ocrx_word' id='word_1_76' title='bbox 329 1326 524 1389; x_wconf 89' lang='lat' dir='ltr'>quam</span> <span class='ocrx_word' id='word_1_77' title='bbox 535 1308 938 1375; x_wconf 90' lang='lat' dir='ltr'>Hermannus</span> <span class='ocrx_word' id='word_1_78' title='bbox 963 1310 1245 1392; x_wconf 88' lang='lat' dir='ltr'>exceptis</span> <span class='ocrx_word' id='word_1_79' title='bbox 1270 1308 1613 1395; x_wconf 75' lang='grc' dir='ltr'><strong><em>ἐπέστεφε.</em></strong></span> <span class='ocrx_word' id='word_1_80' title='bbox 1641 1307 1678 1394; x_wconf 78' lang='grc' dir='ltr'>Η</span> <span class='ocrx_word' id='word_1_81' title='bbox 1703 1308 1961 1396; x_wconf 73' lang='grc' dir='ltr'><strong><em>Σκέψαι</em></strong></span> <span class='ocrx_word' id='word_1_82' title='bbox 1986 1305 2115 1392; x_wconf 81' lang='grc' dir='ltr'><strong><em>γὰρ</em></strong></span> <span class='ocrx_word' id='word_1_83' title='bbox 2142 1343 2225 1357; x_wconf 46' lang='grc' dir='ltr'><strong><em>-η</em></strong></span> <span class='ocrx_word' id='word_1_84' title='bbox 2242 1305 2340 1370; x_wconf 91' lang='lat' dir='ltr'><strong><em>El.</em></strong></span> <span class='ocrx_word' id='word_1_85' title='bbox 2365 1303 2486 1370; x_wconf 88' lang='grc'><strong><em>441</em></strong></span> <span class='ocrx_word' id='word_1_86' title='bbox 2515 1309 2583 1371; x_wconf 84' lang='lat' dir='ltr'><strong><em>et</em></strong></span> 
     </span>
     <span class='ocr_line' id='line_1_11' title="bbox 329 1404 2582 1498; baseline 0 -23"><span class='ocrx_word' id='word_1_87' title='bbox 329 1404 587 1493; x_wconf 61' lang='grc' dir='ltr'><strong><em>ὄμμασι</em></strong></span> <span class='ocrx_word' id='word_1_88' title='bbox 617 1412 652 1498; x_wconf 82' lang='grc' dir='ltr'><strong><em>ΙΙ</em></strong></span> <span class='ocrx_word' id='word_1_89' title='bbox 676 1410 939 1498; x_wconf 73' lang='grc' dir='ltr'><strong><em>γνώμας</em></strong></span> <span class='ocrx_word' id='word_1_90' title='bbox 981 1413 1081 1478; x_wconf 86' lang='lat' dir='ltr'>Ai.</span> <span class='ocrx_word' id='word_1_91' title='bbox 1129 1412 1245 1493; x_wconf 85' lang='lat'><strong><em>51,</em></strong></span> <span class='ocrx_word' id='word_1_92' title='bbox 1318 1411 1592 1478; x_wconf 84' lang='lat' dir='ltr'>fortasse</span> <span class='ocrx_word' id='word_1_93' title='bbox 1636 1412 1785 1493; x_wconf 88' lang='lat' dir='ltr'>quia</span> <span class='ocrx_word' id='word_1_94' title='bbox 1828 1410 1988 1475; x_wconf 90' lang='lat' dir='ltr'>duas</span> <span class='ocrx_word' id='word_1_95' title='bbox 2035 1427 2340 1476; x_wconf 88' lang='lat' dir='ltr'>consonas</span> <span class='ocrx_word' id='word_1_96' title='bbox 2383 1412 2468 1480; x_wconf 66' lang='grc' dir='ltr'><strong><em>Ξῖ</em></strong></span> <span class='ocrx_word' id='word_1_97' title='bbox 2515 1415 2582 1475; x_wconf 87' lang='lat' dir='ltr'><strong><em>et</em></strong></span> 
     </span>
     <span class='ocr_line' id='line_1_12' title="bbox 329 1505 2574 1601; baseline -0.001 -20"><span class='ocrx_word' id='word_1_98' title='bbox 329 1517 406 1601; x_wconf 58' lang='grc' dir='ltr'><strong><em>ἵν</em></strong></span> <span class='ocrx_word' id='word_1_99' title='bbox 450 1516 532 1581; x_wconf 91' lang='lat' dir='ltr'><strong><em>ad</em></strong></span> <span class='ocrx_word' id='word_1_100' title='bbox 574 1517 1048 1598; x_wconf 88' lang='lat' dir='ltr'>producendum</span> <span class='ocrx_word' id='word_1_101' title='bbox 1092 1517 1250 1582; x_wconf 89' lang='lat' dir='ltr'>satis</span> <span class='ocrx_word' id='word_1_102' title='bbox 1295 1534 1437 1582; x_wconf 91' lang='lat' dir='ltr'>esse</span> <span class='ocrx_word' id='word_1_103' title='bbox 1482 1518 1756 1597; x_wconf 83' lang='lat' dir='ltr'>putaret,</span> <span class='ocrx_word' id='word_1_104' title='bbox 1802 1533 1950 1579; x_wconf 88' lang='lat' dir='ltr'><strong><em>nam</em></strong></span> <span class='ocrx_word' id='word_1_105' title='bbox 1995 1513 2217 1579; x_wconf 86' lang='lat' dir='ltr'>Trach.</span> <span class='ocrx_word' id='word_1_106' title='bbox 2264 1512 2300 1576; x_wconf 81' lang='grc'><strong><em>7</em></strong></span> <span class='ocrx_word' id='word_1_107' title='bbox 2306 1511 2389 1578; x_wconf 87' lang='grc'><strong><em>46</em></strong></span> <span class='ocrx_word' id='word_1_108' title='bbox 2456 1505 2574 1596; x_wconf 71' lang='grc' dir='ltr'><strong><em>ὅμ-</em></strong></span> 
     </span>
     <span class='ocr_line' id='line_1_13' title="bbox 323 1614 2573 1707; baseline -0.001 -23"><span class='ocrx_word' id='word_1_109' title='bbox 323 1643 532 1701; x_wconf 86' lang='grc' dir='ltr'><strong><em>μασιν</em></strong></span> <span class='ocrx_word' id='word_1_110' title='bbox 553 1617 592 1706; x_wconf 80' lang='grc' dir='ltr'>Η</span> <span class='ocrx_word' id='word_1_111' title='bbox 621 1614 878 1707; x_wconf 83' lang='grc' dir='ltr'><strong><em>πατρός</em></strong></span> <span class='ocrx_word' id='word_1_112' title='bbox 922 1620 1191 1701; x_wconf 86' lang='lat' dir='ltr'>scripsit.</span> <span class='ocrx_word' id='word_1_113' title='bbox 1284 1618 1548 1684; x_wconf 87' lang='lat' dir='ltr'>Codices</span> <span class='ocrx_word' id='word_1_114' title='bbox 1595 1635 1786 1698; x_wconf 85' lang='lat' dir='ltr'>saepe</span> <span class='ocrx_word' id='word_1_115' title='bbox 1855 1616 2196 1696; x_wconf 80' lang='lat' dir='ltr'>dissident3</span> <span class='ocrx_word' id='word_1_116' title='bbox 2262 1616 2573 1682; x_wconf 89' lang='lat' dir='ltr'>Florenti-</span> 
     </span>
     <span class='ocr_line' id='line_1_14' title="bbox 326 1718 2565 1807; baseline -0.001 -20"><span class='ocrx_word' id='word_1_117' title='bbox 326 1740 555 1788; x_wconf 91' lang='lat' dir='ltr'>norum</span> <span class='ocrx_word' id='word_1_118' title='bbox 600 1724 874 1805; x_wconf 89' lang='lat' dir='ltr'>optimus</span> <span class='ocrx_word' id='word_1_119' title='bbox 920 1724 1117 1788; x_wconf 91' lang='lat' dir='ltr'>semel</span> <span class='ocrx_word' id='word_1_120' title='bbox 1162 1718 1472 1807; x_wconf 77' lang='grc' dir='ltr'><strong><em>ἀνδράσιν</em></strong></span> <span class='ocrx_word' id='word_1_121' title='bbox 1517 1720 1614 1785; x_wconf 92' lang='lat' dir='ltr'><strong><em>El.</em></strong></span> <span class='ocrx_word' id='word_1_122' title='bbox 1663 1718 1742 1784; x_wconf 83' lang='grc'><strong><em>75</em></strong></span> <span class='ocrx_word' id='word_1_123' title='bbox 1761 1770 1777 1799; x_wconf 93' lang='grc'><strong><em>,</em></strong></span> <span class='ocrx_word' id='word_1_124' title='bbox 1844 1719 1968 1785; x_wconf 91' lang='lat' dir='ltr'><strong><em>duo</em></strong></span> <span class='ocrx_word' id='word_1_125' title='bbox 2013 1720 2123 1785; x_wconf 88' lang='lat' dir='ltr'>alii</span> <span class='ocrx_word' id='word_1_126' title='bbox 2165 1718 2424 1785; x_wconf 89' lang='lat' dir='ltr'>minoris</span> <span class='ocrx_word' id='word_1_127' title='bbox 2469 1737 2565 1785; x_wconf 79' lang='lat' dir='ltr'><strong><em>ae·</em></strong></span> 
     </span>
     <span class='ocr_line' id='line_1_15' title="bbox 326 1818 2576 1909; baseline -0.002 -19"><span class='ocrx_word' id='word_1_128' title='bbox 326 1825 710 1891; x_wconf 70' lang='lat' dir='ltr'>stimationis</span> <span class='ocrx_word' id='word_1_129' title='bbox 755 1827 848 1909; x_wconf 87' lang='grc' dir='ltr'><strong><em>(Δ</em></strong></span> <span class='ocrx_word' id='word_1_130' title='bbox 857 1827 945 1909; x_wconf 85' lang='grc' dir='ltr'><strong><em>Θ)</em></strong></span> <span class='ocrx_word' id='word_1_131' title='bbox 992 1824 1290 1908; x_wconf 77' lang='grc' dir='ltr'><strong><em>θύμασιν</em></strong></span> <span class='ocrx_word' id='word_1_132' title='bbox 1337 1823 1494 1891; x_wconf 86' lang='lat' dir='ltr'>Oed.</span> <span class='ocrx_word' id='word_1_133' title='bbox 1541 1823 1609 1888; x_wconf 89' lang='lat' dir='ltr'><strong><em>T.</em></strong></span> <span class='ocrx_word' id='word_1_134' title='bbox 1656 1821 1802 1903; x_wconf 84' lang='lat'>239,</span> <span class='ocrx_word' id='word_1_135' title='bbox 1867 1819 2164 1908; x_wconf 81' lang='grc' dir='ltr'><strong><em>κὲρδεσιν</em></strong></span> <span class='ocrx_word' id='word_1_136' title='bbox 2231 1820 2376 1901; x_wconf 89' lang='grc'><strong><em>388,</em></strong></span> <span class='ocrx_word' id='word_1_137' title='bbox 2443 1818 2576 1908; x_wconf 81' lang='grc' dir='ltr'><strong><em>πή-</em></strong></span> 
     </span>
     <span class='ocr_line' id='line_1_16' title="bbox 322 1923 2572 2015; baseline -0.001 -21"><span class='ocrx_word' id='word_1_138' title='bbox 322 1952 530 2009; x_wconf 90' lang='grc' dir='ltr'><strong><em>μασιν</em></strong></span> <span class='ocrx_word' id='word_1_139' title='bbox 580 1927 762 2009; x_wconf 88' lang='grc'><strong>1319,</strong></span> <span class='ocrx_word' id='word_1_140' title='bbox 809 1923 1042 2015; x_wconf 80' lang='grc' dir='ltr'><strong><em>ἤνυσεν</em></strong></span> <span class='ocrx_word' id='word_1_141' title='bbox 1087 1929 1231 2009; x_wconf 90' lang='grc'><strong><em>720,</em></strong></span> <span class='ocrx_word' id='word_1_142' title='bbox 1302 1927 1595 1995; x_wconf 82' lang='grc' dir='ltr'><strong><em>ἔσπασεν</em></strong></span> <span class='ocrx_word' id='word_1_143' title='bbox 1636 1926 1734 1991; x_wconf 88' lang='grc' dir='ltr'><strong><em>ΕΙ.</em></strong></span> <span class='ocrx_word' id='word_1_144' title='bbox 1779 1923 1925 2007; x_wconf 89' lang='grc'><strong><em>561,</em></strong></span> <span class='ocrx_word' id='word_1_145' title='bbox 1992 1926 2383 1992; x_wconf 78' lang='grc' dir='ltr'><strong><em>κατέκτανεν</em></strong></span> <span class='ocrx_word' id='word_1_146' title='bbox 2427 1925 2572 2005; x_wconf 87' lang='grc'><strong><em>279,</em></strong></span> 
     </span>
     <span class='ocr_line' id='line_1_17' title="bbox 325 2025 2574 2118; baseline -0.001 -22"><span class='ocrx_word' id='word_1_147' title='bbox 325 2025 567 2118; x_wconf 75' lang='grc' dir='ltr'><strong><em>ἤθελεν</em></strong></span> <span class='ocrx_word' id='word_1_148' title='bbox 611 2033 706 2098; x_wconf 89' lang='lat' dir='ltr'>Ai.</span> <span class='ocrx_word' id='word_1_149' title='bbox 767 2030 911 2113; x_wconf 82' lang='lat'><strong>968,</strong></span> <span class='ocrx_word' id='word_1_150' title='bbox 956 2032 1066 2098; x_wconf 91' lang='lat' dir='ltr'>ubi</span> <span class='ocrx_word' id='word_1_151' title='bbox 1106 2033 1292 2114; x_wconf 89' lang='lat' dir='ltr'>plene</span> <span class='ocrx_word' id='word_1_152' title='bbox 1334 2031 1820 2113; x_wconf 84' lang='lat' dir='ltr'>interpungitur‚</span> <span class='ocrx_word' id='word_1_153' title='bbox 1865 2032 1938 2095; x_wconf 92' lang='lat' dir='ltr'>ut</span> <span class='ocrx_word' id='word_1_154' title='bbox 1979 2033 2125 2111; x_wconf 89' lang='lat' dir='ltr'>post</span> <span class='ocrx_word' id='word_1_155' title='bbox 2155 2025 2574 2114; x_wconf 82' lang='grc' dir='ltr'><strong><em>κτερίσμασιν</em></strong></span> 
     </span>
     <span class='ocr_line' id='line_1_18' title="bbox 329 2129 2072 2221; baseline -0.002 -22"><span class='ocrx_word' id='word_1_156' title='bbox 329 2134 486 2200; x_wconf 90' lang='lat' dir='ltr'>Oed.</span> <span class='ocrx_word' id='word_1_157' title='bbox 531 2135 661 2201; x_wconf 85' lang='lat' dir='ltr'>Gol.</span> <span class='ocrx_word' id='word_1_158' title='bbox 713 2134 877 2201; x_wconf 87' lang='grc'><strong><em>1410</em></strong></span> <span class='ocrx_word' id='word_1_159' title='bbox 922 2138 988 2201; x_wconf 91' lang='lat' dir='ltr'><strong><em>et</em></strong></span> <span class='ocrx_word' id='word_1_160' title='bbox 1029 2141 1175 2217; x_wconf 90' lang='lat' dir='ltr'>post</span> <span class='ocrx_word' id='word_1_161' title='bbox 1220 2129 1488 2221; x_wconf 68' lang='grc' dir='ltr'><strong><em>ἄλγεσιν</em></strong></span> <span class='ocrx_word' id='word_1_162' title='bbox 1530 2133 1628 2198; x_wconf 89' lang='lat' dir='ltr'><strong><em>El.</em></strong></span> <span class='ocrx_word' id='word_1_163' title='bbox 1678 2130 1862 2197; x_wconf 83' lang='grc'><strong><em>1187.</em></strong></span> <span class='ocrx_word' id='word_1_164' title='bbox 2067 2194 2072 2204; x_wconf 79' lang='grc'><strong><em>,</em></strong></span> 
     </span>
    </p>

    <p class='ocr_par' dir='ltr' id='par_1_5' title="bbox 306 2235 2580 4382">
     <span class='ocr_line' id='line_1_19' title="bbox 503 2235 2573 2321; baseline -0 -18"><span class='ocrx_word' id='word_1_165' title='bbox 503 2238 932 2321; x_wconf 87' lang='lat' dir='ltr'>Euripides</span> <span class='ocrx_word' id='word_1_166' title='bbox 977 2256 1152 2303; x_wconf 89' lang='lat' dir='ltr'>more</span> <span class='ocrx_word' id='word_1_167' title='bbox 1184 2240 1367 2306; x_wconf 92' lang='lat' dir='ltr'>solito</span> <span class='ocrx_word' id='word_1_168' title='bbox 1389 2254 1666 2305; x_wconf 88' lang='lat' dir='ltr'>consona</span> <span class='ocrx_word' id='word_1_169' title='bbox 1686 2235 1887 2302; x_wconf 85' lang='lat' dir='ltr'>utitur</span> <span class='ocrx_word' id='word_1_170' title='bbox 1909 2239 2057 2301; x_wconf 89' lang='lat' dir='ltr'>ante</span> <span class='ocrx_word' id='word_1_171' title='bbox 2078 2236 2385 2304; x_wconf 81' lang='lat' dir='ltr'>vocalem:</span> <span class='ocrx_word' id='word_1_172' title='bbox 2432 2260 2573 2321; x_wconf 80' lang='grc' dir='ltr'><strong><em>κεγ-</em></strong></span> 
     </span>
     <span class='ocr_line' id='line_1_20' title="bbox 322 2333 2574 2428; baseline 0 -22"><span class='ocrx_word' id='word_1_173' title='bbox 322 2338 668 2428; x_wconf 81' lang='grc' dir='ltr'><strong><em>χρώμασιν</em></strong></span> <span class='ocrx_word' id='word_1_174' title='bbox 694 2340 731 2425; x_wconf 82' lang='grc' dir='ltr'><strong><em>ΙΙ</em></strong></span> <span class='ocrx_word' id='word_1_175' title='bbox 756 2335 1119 2428; x_wconf 73' lang='grc' dir='ltr'><strong><em>ὀφθαλμόν</em></strong></span> <span class='ocrx_word' id='word_1_176' title='bbox 1141 2338 1418 2404; x_wconf 88' lang='lat' dir='ltr'>Phoenn.</span> <span class='ocrx_word' id='word_1_177' title='bbox 1448 2335 1632 2417; x_wconf 84' lang='lat'><strong>1386,</strong></span> <span class='ocrx_word' id='word_1_178' title='bbox 1654 2334 1996 2422; x_wconf 80' lang='grc' dir='ltr'><strong><em>βραχίοσιν</em></strong></span> <span class='ocrx_word' id='word_1_179' title='bbox 2018 2337 2056 2420; x_wconf 87' lang='grc' dir='ltr'><strong><em>ΙΙ</em></strong></span> <span class='ocrx_word' id='word_1_180' title='bbox 2074 2333 2376 2425; x_wconf 77' lang='grc' dir='ltr'><strong><em>Ἀργεῖον</em></strong></span> <span class='ocrx_word' id='word_1_181' title='bbox 2410 2336 2574 2407; x_wconf 89' lang='grc'><strong>1136</strong></span> 
     </span>
     <span class='ocr_line' id='line_1_21' title="bbox 320 2437 2572 2528; baseline -0.001 -15"><span class='ocrx_word' id='word_1_182' title='bbox 320 2450 462 2526; x_wconf 62' lang='grc'><strong><em>610,,</em></strong></span> <span class='ocrx_word' id='word_1_183' title='bbox 508 2444 743 2511; x_wconf 89' lang='lat' dir='ltr'>omittit</span> <span class='ocrx_word' id='word_1_184' title='bbox 784 2461 953 2524; x_wconf 70' lang='grc' dir='ltr'><strong><em>ναι-ο,</em></strong></span> <span class='ocrx_word' id='word_1_185' title='bbox 998 2440 1107 2507; x_wconf 92' lang='lat' dir='ltr'>ubi</span> <span class='ocrx_word' id='word_1_186' title='bbox 1137 2440 1295 2507; x_wconf 87' lang='lat' dir='ltr'>nihil</span> <span class='ocrx_word' id='word_1_187' title='bbox 1317 2459 1476 2523; x_wconf 91' lang='lat' dir='ltr'>opus</span> <span class='ocrx_word' id='word_1_188' title='bbox 1500 2444 1625 2507; x_wconf 89' lang='lat' dir='ltr'>est:</span> <span class='ocrx_word' id='word_1_189' title='bbox 1670 2437 1980 2525; x_wconf 79' lang='grc' dir='ltr'><strong><em>βραχίοσι</em></strong></span> <span class='ocrx_word' id='word_1_190' title='bbox 2009 2439 2046 2528; x_wconf 84' lang='grc' dir='ltr'>Η</span> <span class='ocrx_word' id='word_1_191' title='bbox 2072 2441 2181 2508; x_wconf 86' lang='grc' dir='ltr'><strong><em>καὶ</em></strong></span> <span class='ocrx_word' id='word_1_192' title='bbox 2209 2440 2399 2527; x_wconf 82' lang='grc' dir='ltr'><strong><em>χερσί</em></strong></span> <span class='ocrx_word' id='word_1_193' title='bbox 2422 2442 2572 2510; x_wconf 85' lang='lat' dir='ltr'>Hec.</span> 
     </span>
     <span class='ocr_line' id='line_1_22' title="bbox 319 2537 2575 2633; baseline 0 -19"><span class='ocrx_word' id='word_1_194' title='bbox 319 2546 453 2614; x_wconf 88' lang='lat'><strong><em>819</em></strong></span> <span class='ocrx_word' id='word_1_195' title='bbox 498 2546 683 2631; x_wconf 91' lang='grc'>(836)</span> <span class='ocrx_word' id='word_1_196' title='bbox 729 2552 796 2612; x_wconf 81' lang='lat' dir='ltr'><strong><em>et</em></strong></span> <span class='ocrx_word' id='word_1_197' title='bbox 841 2547 930 2612; x_wconf 86' lang='lat' dir='ltr'><strong><em>sic</em></strong></span> <span class='ocrx_word' id='word_1_198' title='bbox 974 2545 1370 2626; x_wconf 79' lang='lat' dir='ltr'>saepissime:</span> <span class='ocrx_word' id='word_1_199' title='bbox 1430 2537 1715 2626; x_wconf 82' lang='grc' dir='ltr'><strong><em>ὀνείδεσι</em></strong></span> <span class='ocrx_word' id='word_1_200' title='bbox 1742 2544 1911 2611; x_wconf 85' lang='lat' dir='ltr'>Med.</span> <span class='ocrx_word' id='word_1_201' title='bbox 1963 2544 2143 2626; x_wconf 92' lang='grc'><strong><em>1344,</em></strong></span> <span class='ocrx_word' id='word_1_202' title='bbox 2189 2543 2575 2633; x_wconf 78' lang='grc' dir='ltr'><strong><em>θρηνήμασι</em></strong></span> 
     </span>
     <span class='ocr_line' id='line_1_23' title="bbox 322 2642 2571 2734; baseline -0 -17"><span class='ocrx_word' id='word_1_203' title='bbox 322 2650 533 2717; x_wconf 80' lang='lat' dir='ltr'>Orest.</span> <span class='ocrx_word' id='word_1_204' title='bbox 567 2649 702 2731; x_wconf 85' lang='grc'><strong><em>132,</em></strong></span> <span class='ocrx_word' id='word_1_205' title='bbox 731 2642 987 2733; x_wconf 67' lang='grc' dir='ltr'><strong><em>ὄμμασι</em></strong></span> <span class='ocrx_word' id='word_1_206' title='bbox 1016 2647 1199 2727; x_wconf 89' lang='grc'><strong><em>1020,</em></strong></span> <span class='ocrx_word' id='word_1_207' title='bbox 1246 2642 1542 2731; x_wconf 80' lang='grc' dir='ltr'><strong><em>ὀνείρασι</em></strong></span> <span class='ocrx_word' id='word_1_208' title='bbox 1568 2645 1701 2712; x_wconf 82' lang='lat' dir='ltr'>Alc.</span> <span class='ocrx_word' id='word_1_209' title='bbox 1728 2644 1872 2727; x_wconf 88' lang='grc'><strong><em>354,</em></strong></span> <span class='ocrx_word' id='word_1_210' title='bbox 1898 2644 2168 2731; x_wconf 77' lang='grc' dir='ltr'><strong><em>γούνασι</em></strong></span> <span class='ocrx_word' id='word_1_211' title='bbox 2195 2646 2339 2729; x_wconf 88' lang='grc'><strong><em>963,</em></strong></span> <span class='ocrx_word' id='word_1_212' title='bbox 2363 2646 2571 2734; x_wconf 74' lang='grc' dir='ltr'><strong><em>ἐσθή-</em></strong></span> 
     </span>
     <span class='ocr_line' id='line_1_24' title="bbox 319 2748 2572 2839; baseline 0.002 -22"><span class='ocrx_word' id='word_1_213' title='bbox 319 2776 488 2825; x_wconf 86' lang='grc' dir='ltr'><strong><em>μασι</em></strong></span> <span class='ocrx_word' id='word_1_214' title='bbox 516 2752 785 2819; x_wconf 84' lang='lat' dir='ltr'><strong><em>Troadd.</em></strong></span> <span class='ocrx_word' id='word_1_215' title='bbox 832 2750 976 2831; x_wconf 85' lang='grc'><strong><em>948,</em></strong></span> <span class='ocrx_word' id='word_1_216' title='bbox 1025 2748 1184 2817; x_wconf 87' lang='grc' dir='ltr'><strong><em>ποσί</em></strong></span> <span class='ocrx_word' id='word_1_217' title='bbox 1207 2751 1339 2816; x_wconf 86' lang='lat' dir='ltr'>Ion.</span> <span class='ocrx_word' id='word_1_218' title='bbox 1368 2748 1712 2832; x_wconf 17' lang='lat' dir='ltr'><strong><em>1166,*Iph.</em></strong></span> <span class='ocrx_word' id='word_1_219' title='bbox 1738 2749 1788 2814; x_wconf 88' lang='grc' dir='ltr'>Τ</span> <span class='ocrx_word' id='word_1_220' title='bbox 1818 2748 1982 2816; x_wconf 86' lang='grc'><strong><em>1312</em></strong></span> <span class='ocrx_word' id='word_1_221' title='bbox 2008 2749 2254 2835; x_wconf 87' lang='grc'><strong><em>(1276),</em></strong></span> <span class='ocrx_word' id='word_1_222' title='bbox 2288 2750 2572 2839; x_wconf 75' lang='grc' dir='ltr'><strong><em>ἐπήλυσι</em></strong></span> 
     </span>
     <span class='ocr_line' id='line_1_25' title="bbox 318 2848 2572 2940; baseline 0.001 -21"><span class='ocrx_word' id='word_1_223' title='bbox 318 2854 455 2920; x_wconf 90' lang='lat' dir='ltr'>Ion.</span> <span class='ocrx_word' id='word_1_224' title='bbox 500 2852 646 2935; x_wconf 89' lang='grc'><strong><em>420,</em></strong></span> <span class='ocrx_word' id='word_1_225' title='bbox 693 2849 1128 2940; x_wconf 78' lang='grc' dir='ltr'><strong><em>λευκοπήχεσι</em></strong></span> <span class='ocrx_word' id='word_1_226' title='bbox 1173 2853 1400 2920; x_wconf 83' lang='lat' dir='ltr'>Bacch.</span> <span class='ocrx_word' id='word_1_227' title='bbox 1453 2852 1636 2932; x_wconf 88' lang='grc'><strong><em>1205,</em></strong></span> <span class='ocrx_word' id='word_1_228' title='bbox 1687 2848 2064 2938; x_wconf 80' lang='grc' dir='ltr'><strong><em>οἶμώγμασι</em></strong></span> <span class='ocrx_word' id='word_1_229' title='bbox 2115 2854 2298 2934; x_wconf 87' lang='grc'><strong><em>1112,</em></strong></span> <span class='ocrx_word' id='word_1_230' title='bbox 2345 2852 2572 2934; x_wconf 85' lang='grc' dir='ltr'><strong><em>τοξεύ-</em></strong></span> 
     </span>
     <span class='ocr_line' id='line_1_26' title="bbox 318 2951 2571 3042; baseline 0.002 -20"><span class='ocrx_word' id='word_1_231' title='bbox 318 2982 490 3042; x_wconf 84' lang='grc' dir='ltr'><strong><em>μασι</em></strong></span> <span class='ocrx_word' id='word_1_232' title='bbox 533 2958 721 3023; x_wconf 78' lang='lat' dir='ltr'>Here.</span> <span class='ocrx_word' id='word_1_233' title='bbox 768 2956 913 3038; x_wconf 78' lang='grc'><strong><em>571,</em></strong></span> <span class='ocrx_word' id='word_1_234' title='bbox 961 2955 1200 3040; x_wconf 70' lang='grc' dir='ltr'><strong><em>αἵμασι</em></strong></span> <span class='ocrx_word' id='word_1_235' title='bbox 1242 2956 1340 3022; x_wconf 88' lang='grc' dir='ltr'><strong><em>ΕΙ.</em></strong></span> <span class='ocrx_word' id='word_1_236' title='bbox 1392 2954 1575 3036; x_wconf 92' lang='grc'><strong><em>1172,</em></strong></span> <span class='ocrx_word' id='word_1_237' title='bbox 1623 2951 1876 3035; x_wconf 78' lang='grc' dir='ltr'><strong><em>τεύχεσι</em></strong></span> <span class='ocrx_word' id='word_1_238' title='bbox 1922 2954 2088 3037; x_wconf 81' lang='lat' dir='ltr'>Cycl.</span> <span class='ocrx_word' id='word_1_239' title='bbox 2135 2955 2278 3037; x_wconf 87' lang='grc'><strong><em>208,</em></strong></span> <span class='ocrx_word' id='word_1_240' title='bbox 2346 2953 2571 3041; x_wconf 73' lang='grc' dir='ltr'><strong><em>αὐχέσι</em></strong></span> 
     </span>
     <span class='ocr_line' id='line_1_27' title="bbox 306 3054 2568 3147; baseline 0 -21"><span class='ocrx_word' id='word_1_241' title='bbox 306 3061 417 3142; x_wconf 86' lang='grc'><strong><em>87,</em></strong></span> <span class='ocrx_word' id='word_1_242' title='bbox 464 3057 970 3147; x_wconf 72' lang='grc' dir='ltr'><strong><em>παρθενεύμασι</em></strong></span> <span class='ocrx_word' id='word_1_243' title='bbox 990 3061 1266 3127; x_wconf 83' lang='lat' dir='ltr'>Phoenn.</span> <span class='ocrx_word' id='word_1_244' title='bbox 1318 3058 1501 3140; x_wconf 88' lang='grc'><strong><em>1265,</em></strong></span> <span class='ocrx_word' id='word_1_245' title='bbox 1550 3054 1925 3146; x_wconf 77' lang='grc' dir='ltr'><strong><em>πεπραγόσι</em></strong></span> <span class='ocrx_word' id='word_1_246' title='bbox 1951 3057 2220 3125; x_wconf 84' lang='lat' dir='ltr'>Troadd.</span> <span class='ocrx_word' id='word_1_247' title='bbox 2246 3058 2392 3137; x_wconf 92' lang='grc'><strong><em>610,</em></strong></span> <span class='ocrx_word' id='word_1_248' title='bbox 2452 3087 2568 3127; x_wconf 87' lang='grc' dir='ltr'><strong><em>κα-</em></strong></span> 
     </span>
     <span class='ocr_line' id='line_1_28' title="bbox 322 3154 2569 3247; baseline 0 -18"><span class='ocrx_word' id='word_1_249' title='bbox 322 3165 496 3229; x_wconf 80' lang='grc' dir='ltr'><strong><em>κίοσι</em></strong></span> <span class='ocrx_word' id='word_1_250' title='bbox 518 3164 770 3230; x_wconf 82' lang='lat' dir='ltr'>Heracl.</span> <span class='ocrx_word' id='word_1_251' title='bbox 792 3163 936 3245; x_wconf 82' lang='lat'>347,</span> <span class='ocrx_word' id='word_1_252' title='bbox 984 3169 1051 3229; x_wconf 93' lang='lat' dir='ltr'><strong><em>et</em></strong></span> <span class='ocrx_word' id='word_1_253' title='bbox 1091 3163 1287 3229; x_wconf 86' lang='lat' dir='ltr'>verba</span> <span class='ocrx_word' id='word_1_254' title='bbox 1311 3154 1840 3229; x_wconf 59' lang='lat' dir='ltr'>&amp;isoeAndrom</span> <span class='ocrx_word' id='word_1_255' title='bbox 1870 3158 2035 3226; x_wconf 82' lang='lat'><strong><em>1128</em></strong></span> <span class='ocrx_word' id='word_1_256' title='bbox 2062 3160 2309 3245; x_wconf 83' lang='lat'><strong>(1151),</strong></span> <span class='ocrx_word' id='word_1_257' title='bbox 2354 3163 2569 3247; x_wconf 83' lang='lat' dir='ltr'>Suppl.</span> 
     </span>
     <span class='ocr_line' id='line_1_29' title="bbox 324 3262 2571 3351; baseline -0 -20"><span class='ocrx_word' id='word_1_258' title='bbox 324 3267 469 3347; x_wconf 85' lang='grc'><strong><em>225,</em></strong></span> <span class='ocrx_word' id='word_1_259' title='bbox 519 3267 788 3333; x_wconf 89' lang='lat' dir='ltr'>Troadd.</span> <span class='ocrx_word' id='word_1_260' title='bbox 835 3268 937 3349; x_wconf 82' lang='lat'><strong><em>46,</em></strong></span> <span class='ocrx_word' id='word_1_261' title='bbox 985 3266 1309 3334; x_wconf 72' lang='grc' dir='ltr'><strong><em>ἐθέσπισε</em></strong></span> <span class='ocrx_word' id='word_1_262' title='bbox 1353 3265 1490 3347; x_wconf 92' lang='lat' dir='ltr'>Iph.</span> <span class='ocrx_word' id='word_1_263' title='bbox 1538 3264 1588 3328; x_wconf 88' lang='lat' dir='ltr'>T</span> <span class='ocrx_word' id='word_1_264' title='bbox 1634 3262 1780 3342; x_wconf 88' lang='grc'><strong><em>983,</em></strong></span> <span class='ocrx_word' id='word_1_265' title='bbox 1825 3263 2100 3330; x_wconf 89' lang='lat' dir='ltr'>Phoenn.</span> <span class='ocrx_word' id='word_1_266' title='bbox 2151 3264 2335 3345; x_wconf 87' lang='grc'><strong><em>1598,</em></strong></span> <span class='ocrx_word' id='word_1_267' title='bbox 2380 3264 2571 3351; x_wconf 77' lang='grc' dir='ltr'><strong><em>ἐκόμ-</em></strong></span> 
     </span>
     <span class='ocr_line' id='line_1_30' title="bbox 323 3362 2580 3456; baseline 0.001 -21"><span class='ocrx_word' id='word_1_268' title='bbox 323 3393 506 3436; x_wconf 82' lang='grc' dir='ltr'><strong><em>πασε</em></strong></span> <span class='ocrx_word' id='word_1_269' title='bbox 556 3369 739 3450; x_wconf 86' lang='grc'><strong><em>1174,</em></strong></span> <span class='ocrx_word' id='word_1_270' title='bbox 789 3367 1088 3456; x_wconf 77' lang='grc' dir='ltr'><strong><em>εἷςήγαγε</em></strong></span> <span class='ocrx_word' id='word_1_271' title='bbox 1134 3368 1277 3450; x_wconf 89' lang='grc'><strong><em>365,</em></strong></span> <span class='ocrx_word' id='word_1_272' title='bbox 1324 3362 1681 3435; x_wconf 76' lang='grc' dir='ltr'><strong><em>ὑπέσπασε</em></strong></span> <span class='ocrx_word' id='word_1_273' title='bbox 1706 3366 1932 3432; x_wconf 88' lang='lat' dir='ltr'>Bacch.</span> <span class='ocrx_word' id='word_1_274' title='bbox 1973 3364 2120 3447; x_wconf 85' lang='grc'><strong><em>436,</em></strong></span> <span class='ocrx_word' id='word_1_275' title='bbox 2165 3386 2291 3449; x_wconf 92' lang='lat' dir='ltr'><strong><em>quo</em></strong></span> <span class='ocrx_word' id='word_1_276' title='bbox 2330 3369 2469 3435; x_wconf 93' lang='lat' dir='ltr'>loco</span> <span class='ocrx_word' id='word_1_277' title='bbox 2512 3376 2580 3438; x_wconf 87' lang='lat' dir='ltr'><strong><em>et</em></strong></span> 
     </span>
     <span class='ocr_line' id='line_1_31' title="bbox 315 3453 2577 3540; baseline 0 -2"><span class='ocrx_word' id='word_1_278' title='bbox 315 3472 470 3538; x_wconf 87' lang='lat' dir='ltr'>aliis</span> <span class='ocrx_word' id='word_1_279' title='bbox 513 3474 740 3539; x_wconf 89' lang='lat' dir='ltr'>multis</span> <span class='ocrx_word' id='word_1_280' title='bbox 786 3474 1068 3540; x_wconf 86' lang='lat' dir='ltr'>Mathiae</span> <span class='ocrx_word' id='word_1_281' title='bbox 1113 3453 1451 3538; x_wconf 68' lang='lat' dir='ltr'>consonam</span> <span class='ocrx_word' id='word_1_282' title='bbox 1517 3469 1695 3535; x_wconf 88' lang='lat' dir='ltr'>addit</span> <span class='ocrx_word' id='word_1_283' title='bbox 1758 3488 1798 3533; x_wconf 88' lang='lat' dir='ltr'>a</span> <span class='ocrx_word' id='word_1_284' title='bbox 1843 3467 1917 3534; x_wconf 87' lang='lat' dir='ltr'><strong><em>G.</em></strong></span> <span class='ocrx_word' id='word_1_285' title='bbox 1962 3469 2286 3538; x_wconf 89' lang='lat' dir='ltr'>Dindorfio</span> <span class='ocrx_word' id='word_1_286' title='bbox 2350 3475 2577 3539; x_wconf 90' lang='lat' dir='ltr'>merito</span> 
     </span>
     <span class='ocr_line' id='line_1_32' title="bbox 312 3561 2568 3659; baseline 0.001 -19"><span class='ocrx_word' id='word_1_287' title='bbox 312 3579 661 3656; x_wconf 82' lang='lat' dir='ltr'>resectam3</span> <span class='ocrx_word' id='word_1_288' title='bbox 729 3596 876 3642; x_wconf 91' lang='lat' dir='ltr'><strong><em>nam</em></strong></span> <span class='ocrx_word' id='word_1_289' title='bbox 919 3577 1236 3643; x_wconf 88' lang='lat' dir='ltr'>invenitur</span> <span class='ocrx_word' id='word_1_290' title='bbox 1300 3576 1558 3659; x_wconf 89' lang='lat' dir='ltr'>quidem</span> <span class='ocrx_word' id='word_1_291' title='bbox 1620 3573 1732 3640; x_wconf 90' lang='lat' dir='ltr'>illa</span> <span class='ocrx_word' id='word_1_292' title='bbox 1796 3573 2038 3654; x_wconf 83' lang='lat' dir='ltr'>aliquot</span> <span class='ocrx_word' id='word_1_293' title='bbox 2078 3574 2260 3639; x_wconf 87' lang='lat' dir='ltr'>locis:</span> <span class='ocrx_word' id='word_1_294' title='bbox 2328 3561 2568 3658; x_wconf 60' lang='grc' dir='ltr'><strong><em>μαγεὺἑ</em></strong></span> 
     </span>
     <span class='ocr_line' id='line_1_33' title="bbox 313 3672 2570 3767; baseline 0.001 -24"><span class='ocrx_word' id='word_1_295' title='bbox 313 3702 523 3761; x_wconf 87' lang='grc' dir='ltr'><strong><em>μασιν</em></strong></span> <span class='ocrx_word' id='word_1_296' title='bbox 548 3678 1173 3767; x_wconf 82' lang='grc' dir='ltr'><strong><em>Ηπαρεκτρέποντες</em></strong></span> <span class='ocrx_word' id='word_1_297' title='bbox 1199 3678 1414 3761; x_wconf 85' lang='lat' dir='ltr'>Suppl.</span> <span class='ocrx_word' id='word_1_298' title='bbox 1464 3675 1649 3757; x_wconf 92' lang='grc'><strong><em>1114,</em></strong></span> <span class='ocrx_word' id='word_1_299' title='bbox 1696 3672 2066 3762; x_wconf 79' lang='grc' dir='ltr'><strong><em>τυραννίσιν</em></strong></span> <span class='ocrx_word' id='word_1_300' title='bbox 2100 3676 2287 3744; x_wconf 82' lang='lat' dir='ltr'>Herc.</span> <span class='ocrx_word' id='word_1_301' title='bbox 2332 3678 2458 3744; x_wconf 91' lang='grc'><strong><em>468</em></strong></span> <span class='ocrx_word' id='word_1_302' title='bbox 2503 3685 2570 3745; x_wconf 78' lang='lat' dir='ltr'><strong><em>et</em></strong></span> 
     </span>
     <span class='ocr_line' id='line_1_34' title="bbox 316 3773 2568 3865; baseline 0 -17"><span class='ocrx_word' id='word_1_303' title='bbox 316 3781 640 3848; x_wconf 89' lang='lat' dir='ltr'>interdum</span> <span class='ocrx_word' id='word_1_304' title='bbox 682 3783 750 3847; x_wconf 90' lang='lat' dir='ltr'>in</span> <span class='ocrx_word' id='word_1_305' title='bbox 794 3802 918 3848; x_wconf 93' lang='lat' dir='ltr'><strong><em>uno</em></strong></span> <span class='ocrx_word' id='word_1_306' title='bbox 962 3784 1062 3849; x_wconf 88' lang='lat' dir='ltr'><strong><em>vel</em></strong></span> <span class='ocrx_word' id='word_1_307' title='bbox 1091 3781 1380 3865; x_wconf 86' lang='lat' dir='ltr'>pluribus</span> <span class='ocrx_word' id='word_1_308' title='bbox 1405 3780 1753 3860; x_wconf 87' lang='lat' dir='ltr'>codicibus:</span> <span class='ocrx_word' id='word_1_309' title='bbox 1798 3779 2074 3844; x_wconf 88' lang='lat' dir='ltr'>Phoenn.</span> <span class='ocrx_word' id='word_1_310' title='bbox 2108 3778 2269 3847; x_wconf 82' lang='grc'><strong><em>1194</em></strong></span> <span class='ocrx_word' id='word_1_311' title='bbox 2317 3773 2568 3863; x_wconf 56' lang='lat' dir='ltr'><strong><em>algam,</em></strong></span> 
     </span>
     <span class='ocr_line' id='line_1_35' title="bbox 315 3875 2570 3970; baseline 0 -18"><span class='ocrx_word' id='word_1_312' title='bbox 315 3885 572 3952; x_wconf 81' lang='lat' dir='ltr'>Heracl.</span> <span class='ocrx_word' id='word_1_313' title='bbox 595 3883 719 3950; x_wconf 83' lang='grc'><strong><em>347</em></strong></span> <span class='ocrx_word' id='word_1_314' title='bbox 743 3882 1069 3965; x_wconf 80' lang='grc' dir='ltr'><strong><em>κακίοσιν,</em></strong></span> <span class='ocrx_word' id='word_1_315' title='bbox 1093 3885 1322 3952; x_wconf 84' lang='lat' dir='ltr'>Bacch.</span> <span class='ocrx_word' id='word_1_316' title='bbox 1351 3884 1511 3950; x_wconf 88' lang='grc'><strong><em>1241</em></strong></span> <span class='ocrx_word' id='word_1_317' title='bbox 1542 3879 2175 3969; x_wconf 73' lang='grc' dir='ltr'><strong><em>ἆγρεύμασιν,Βὴθὸ.</em></strong></span> <span class='ocrx_word' id='word_1_318' title='bbox 2200 3875 2325 3949; x_wconf 86' lang='grc'><strong><em>297</em></strong></span> <span class='ocrx_word' id='word_1_319' title='bbox 2361 3910 2570 3970; x_wconf 85' lang='grc' dir='ltr'><strong><em>προσ-</em></strong></span> 
     </span>
     <span class='ocr_line' id='line_1_36' title="bbox 317 3981 2570 4075; baseline -0.001 -19"><span class='ocrx_word' id='word_1_320' title='bbox 317 3989 727 4075; x_wconf 73' lang='grc' dir='ltr'><strong><em>φθέγμασιν,</em></strong></span> <span class='ocrx_word' id='word_1_321' title='bbox 773 4008 829 4053; x_wconf 86' lang='lat' dir='ltr'><strong><em>v.</em></strong></span> <span class='ocrx_word' id='word_1_322' title='bbox 876 3987 1005 4053; x_wconf 89' lang='grc'><strong><em>594</em></strong></span> <span class='ocrx_word' id='word_1_323' title='bbox 1049 3984 1371 4070; x_wconf 85' lang='grc' dir='ltr'><strong><em>δώμασιν,</em></strong></span> <span class='ocrx_word' id='word_1_324' title='bbox 1439 4007 1496 4052; x_wconf 84' lang='lat' dir='ltr'><strong><em>v.</em></strong></span> <span class='ocrx_word' id='word_1_325' title='bbox 1542 3986 1667 4053; x_wconf 90' lang='grc'><strong><em>565</em></strong></span> <span class='ocrx_word' id='word_1_326' title='bbox 1713 3982 2129 4069; x_wconf 79' lang='grc' dir='ltr'><strong><em>τοξεύμασιν,</em></strong></span> <span class='ocrx_word' id='word_1_327' title='bbox 2174 3981 2267 4051; x_wconf 61' lang='lat' dir='ltr'><strong><em>‘et</em></strong></span> <span class='ocrx_word' id='word_1_328' title='bbox 2308 3987 2570 4053; x_wconf 88' lang='lat' dir='ltr'>verbum</span> 
     </span>
     <span class='ocr_line' id='line_1_37' title="bbox 317 4088 2566 4175; baseline -0.002 -15"><span class='ocrx_word' id='word_1_329' title='bbox 317 4091 631 4175; x_wconf 76' lang='grc' dir='ltr'><strong><em>ἐπέζεσεν</em></strong></span> <span class='ocrx_word' id='word_1_330' title='bbox 674 4091 828 4157; x_wconf 90' lang='lat' dir='ltr'>Hec.</span> <span class='ocrx_word' id='word_1_331' title='bbox 872 4089 1014 4156; x_wconf 90' lang='grc'><strong><em>583.</em></strong></span> <span class='ocrx_word' id='word_1_332' title='bbox 1107 4088 1232 4156; x_wconf 86' lang='lat' dir='ltr'><strong><em>Sed</em></strong></span> <span class='ocrx_word' id='word_1_333' title='bbox 1275 4093 1482 4157; x_wconf 82' lang='lat' dir='ltr'>altera</span> <span class='ocrx_word' id='word_1_334' title='bbox 1527 4092 1860 4172; x_wconf 89' lang='lat' dir='ltr'>scriptura,</span> <span class='ocrx_word' id='word_1_335' title='bbox 1934 4106 2061 4169; x_wconf 81' lang='lat' dir='ltr'><strong><em>qua</em></strong></span> <span class='ocrx_word' id='word_1_336' title='bbox 2125 4090 2373 4172; x_wconf 82' lang='lat' dir='ltr'>vocales</span> <span class='ocrx_word' id='word_1_337' title='bbox 2422 4108 2566 4156; x_wconf 90' lang='lat' dir='ltr'>con-</span> 
     </span>
     <span class='ocr_line' id='line_1_38' title="bbox 319 4192 2568 4275; baseline -0.003 -12"><span class='ocrx_word' id='word_1_338' title='bbox 319 4197 509 4275; x_wconf 80' lang='lat' dir='ltr'>soniS‚</span> <span class='ocrx_word' id='word_1_339' title='bbox 558 4212 867 4261; x_wconf 90' lang='lat' dir='ltr'>consonae</span> <span class='ocrx_word' id='word_1_340' title='bbox 910 4193 1232 4260; x_wconf 84' lang='lat' dir='ltr'>vocalibus</span> <span class='ocrx_word' id='word_1_341' title='bbox 1280 4198 1766 4275; x_wconf 88' lang='lat' dir='ltr'>anteponuntur,</span> <span class='ocrx_word' id='word_1_342' title='bbox 1815 4193 1972 4258; x_wconf 87' lang='lat' dir='ltr'>adeo</span> <span class='ocrx_word' id='word_1_343' title='bbox 2017 4197 2294 4273; x_wconf 79' lang='lat' dir='ltr'>superat,</span> <span class='ocrx_word' id='word_1_344' title='bbox 2338 4202 2413 4257; x_wconf 91' lang='lat' dir='ltr'>ut</span> <span class='ocrx_word' id='word_1_345' title='bbox 2449 4192 2568 4269; x_wconf 84' lang='lat' dir='ltr'>ali-</span> 
     </span>
     <span class='ocr_line' id='line_1_39' title="bbox 321 4294 2569 4382; baseline -0.001 -17"><span class='ocrx_word' id='word_1_346' title='bbox 321 4299 579 4382; x_wconf 87' lang='lat' dir='ltr'>quando</span> <span class='ocrx_word' id='word_1_347' title='bbox 618 4317 734 4379; x_wconf 89' lang='lat' dir='ltr'><strong><em>pro</em></strong></span> <span class='ocrx_word' id='word_1_348' title='bbox 779 4296 1003 4378; x_wconf 85' lang='lat' dir='ltr'>regula</span> <span class='ocrx_word' id='word_1_349' title='bbox 1043 4296 1321 4363; x_wconf 83' lang='lat' dir='ltr'>valuisse</span> <span class='ocrx_word' id='word_1_350' title='bbox 1364 4297 1656 4362; x_wconf 80' lang='lat' dir='ltr'>videatur</span> <span class='ocrx_word' id='word_1_351' title='bbox 1673 4347 1688 4377; x_wconf 89' lang='lat'>‚</span> <span class='ocrx_word' id='word_1_352' title='bbox 1756 4297 1880 4378; x_wconf 77' lang='lat' dir='ltr'>nisi</span> <span class='ocrx_word' id='word_1_353' title='bbox 1923 4294 2084 4362; x_wconf 83' lang='lat' dir='ltr'>forte</span> <span class='ocrx_word' id='word_1_354' title='bbox 2129 4313 2278 4376; x_wconf 88' lang='lat' dir='ltr'>pars</span> <span class='ocrx_word' id='word_1_355' title='bbox 2322 4294 2569 4362; x_wconf 80' lang='lat' dir='ltr'>librari·-</span> 
     </span>
    </p>
   </div>
  </div>
 </body>
</html>
