2946 4928
461 347 581 414 DE
627 345 1112 429 sYNAEREsi,
1155 346 1560 439 nunansr
1608 351 1727 414 etc.
1792 300 1861 415 P.
1883 346 1934 414 1.
1979 291 2303 434 casse.
2437 349 2518 416 ιε

269 511 752 593 synecdromen‚
827 516 901 576 ut
965 510 1284 593 Stephano
1346 511 1599 577 videtur
1614 560 1631 591 ,
1707 511 1895 577 modo
1960 509 2516 600 Βορυσθενεΐτης,

272 614 446 696 (Ῑιιοά
490 615 696 680 solum
737 613 966 695 probat
1007 602 1358 680 Bredovius
1402 613 1566 679 Dial.
1612 613 1764 679 Her.
1817 613 1956 680 190.

344 736 355 741 ’
449 717 615 783 Hinc
656 718 783 782 iam
828 717 1163 799 degredior
1230 717 1311 782 ad
1355 715 1755 782 substantiva
1795 717 2038 799 primae
2082 717 2517 784 declinationis
2551 766 2566 783 .

269 838 438 903 quae
506 819 586 885 ab
643 821 970 886 adiectivis
1034 821 1102 885 in
1155 821 1244 905 ε-ης
1286 826 1495 887 ortum
1536 819 1803 901 habent,
1870 839 2065 887 unum
2125 839 2267 888 cum
2324 820 2519 887 verbo

272 923 517 1006 δέομαι
563 941 935 1003 connexum,
1006 924 1276 991 alterum
1317 942 1459 990 cum
1502 923 1752 989 nomine
1808 922 1884 989 τὸ
1932 924 2101 1002 δέος.
2187 923 2367 989 Illius
2409 941 2517 1005 ge-

270 1026 443 1091 neris
489 1027 998 1091 constantissima
1054 1032 1204 1115 sunt
1259 1025 1480 1094 ἔνδεια
1553 1032 1621 1093 et
1673 1026 1793 1092 hoc
1846 1025 2305 1109 infrequentius
2319 1077 2335 1108 ‚
2407 1026 2522 1092 sed

222 1178 237 1198 .
269 1128 501 1195 Atticis
547 1146 747 1209 aeque
790 1129 1126 1210 probatum
1171 1127 1418 1213 ἔκδεια,
1463 1147 1583 1196 nec
1625 1129 1884 1195 minoris
1907 1130 2304 1196 auctoritatis
2340 1126 2519 1197 σιτό-

272 1234 425 1299 δεια
480 1231 643 1310 sive,
711 1236 785 1296 ut
847 1238 1099 1298 veteres
1142 1232 1340 1298 Attici
1406 1233 1728 1314 dixerunt,
1795 1233 2093 1302 σιτοδεία
2159 1239 2226 1300 et
2287 1233 2520 1315 triplici

268 1334 623 1399 variatione
669 1328 1040 1420 ὀλιγόδεια,
1113 1330 1481 1420 ὄλιγοδεία,
1552 1331 1920 1421 ὅλιγοδεΐα,
1985 1338 2051 1402 in
2111 1355 2235 1419 quo
2280 1336 2521 1417 epsilon

268 1437 451 1503 verbi
492 1437 905 1507 thematicum
948 1436 1214 1502 firmiter
1257 1437 1484 1519 haesit,
1529 1439 1594 1503 in
1618 1441 1844 1506 ceteris
1868 1438 2166 1506 confluxit
2207 1458 2349 1505 cum
2371 1439 2519 1517 iota,

268 1541 440 1622 quod
485 1540 569 1605 ad
602 1542 1109 1606 terminationem
1151 1542 1444 1622 pertinet.
1502 1542 1559 1606 A
1594 1544 1843 1609 nomine
1878 1561 2027 1609 vero
2051 1543 2294 1609 exstitit
2326 1534 2521 1609 ἄδεια

268 1643 457 1724 longe
502 1641 1069 1709 celebratissimum
1113 1650 1180 1709 et
1207 1644 1374 1724 quod
1418 1663 1496 1709 ex
1517 1662 1644 1709 uno
1670 1644 1868 1710 Suida
1889 1646 2133 1717 enotuit
2155 1670 2310 1730 περι
2318 1643 2518 1712 δέεια.

265 1740 536 1839 ’Λκλεΐη
581 1750 1051 1827 pentametrum
1095 1746 1332 1813 claudit
1373 1749 1440 1812 in
1482 1748 1803 1813 Leonidae
1846 1747 2062 1829 Epigr.
2107 1746 2297 1813 Anth.
2321 1747 2415 1812 IX
2436 1745 2521 1812 80

269 1855 339 1914 et
384 1843 688 1935 εὖκλεῖὴν
733 1849 1044 1935 παρέχοις
1085 1850 1476 1931 Append..n.
1523 1849 1667 1916 215.
1715 1850 1879 1934 [Vol.
1924 1850 1957 1915 I
2002 1849 2128 1916 242
2174 1851 2293 1935 Sq·.]
2495 1870 2506 1881 ·

428 1952 525 2017 ·In
565 1951 734 2017 flexu
776 1951 1221 2018 vocabulorum
1290 1954 1455 2017 duae
1522 1971 1685 2033 quae
1739 1953 1841 2019 hic
1896 1957 2253 2019 tractantur
2296 1953 2519 2018 literae

268 2073 396 2120 non
463 2058 844 2121 concurrunt
904 2059 1161 2136 praeter
1228 2054 1473 2119 dativos
1539 2057 1767 2121 tertiae
1834 2056 2286 2122 declinationis.
2383 2055 2519 2120 Hos

270 2157 622 2229 Homerum
665 2156 999 2236 dupliciter
1041 2156 1384 2221 terminare
1430 2157 1615 2222 docet
1642 2157 1848 2239 Epim.
1878 2160 1911 2224 Ι
1953 2161 2055 2240 22,
2100 2156 2243 2224 ΕΜ.
2275 2157 2520 2226 136112

248 2248 475 2326 ,αὗται
530 2256 598 2326 αἱ
641 2259 901 2326 δοτικαὶ
957 2254 1071 2325 ἐάν
1135 2259 1256 2341 μὲν
1311 2257 1547 2339 ἔχωσιν
1603 2257 2093 2347 ἐπιφερόμενον
2138 2258 2515 2350 σύμφωνον,

273 2364 690 2447 διαιροῦνται
736 2357 1150 2448 Διομήδεϊ
1188 2357 1525 2440 Πάλλας
1580 2361 1679 2446 (Il.
1725 2362 1782 2426 V
1826 2362 1913 2445 Ι),
1982 2360 2043 2446 εἰ
2100 2364 2173 2432 δὲ
2234 2368 2515 2452 φωνῆεν,

236 2521 241 2526 f
271 2457 354 2529 οὗ
381 2467 792 2547 διαιροῦνται
837 2468 958 2552 Σῷ
1004 2459 1296 2550 θάρσει
1347 2459 1449 2529 ὅτ’
1501 2464 1591 2547 ἐμ
1612 2460 1697 2531 όν
1742 2464 1860 2549 (VI
1887 2464 2056 2551 126),
2083 2461 2163 2534 ἂν
2184 2468 2274 2555 μὴ
2300 2463 2517 2557 κωλύῃ

268 2566 349 2631 τὸ
395 2565 637 2649 μέτρον
682 2562 772 2644 ὡς
815 2566 891 2634 τὸ
940 2567 1467 2655 Χαριζομένη
1517 2564 1768 2634 πόσεϊ
1808 2558 1860 2655 ᾧ
1907 2570 1993 2652 (V
2039 2570 2167 2652 71).
2232 2569 2398 2636 Τινὰ
2445 2570 2518 2638 δὲ

270 2667 383 2733 καὶ
405 2668 877 2755 χωρὶςμέτρου
908 2666 1370 2756 παρήλλακται
1416 2663 1561 2737 οἷον
1597 2666 1822 2739 ‘Hde'z‘
1862 2667 2060 2758 οϊνῳ
2093 2670 2238 2755 (Od.
2261 2671 2322 2736 X
2343 2671 2516 2755 5¹9).

269 2769 668 2836 Vocabulum
711 2772 921 2839 dativo
969 2772 1370 2852 subiunctum
1412 2780 1629 2839 utrum
1650 2794 1713 2839 ‚a
1756 2793 2029 2840 consona
2051 2776 2307 2855 oriatur,
2354 2794 2435 2840 an
2480 2795 2519 2841 a

269 2873 476 2938 vocali
490 2923 505 2953 ,
571 2892 1020 2957 nonnunquam
1080 2875 1236 2940 nihil
1291 2875 1531 2941 referre
1597 2895 1741 2942 mox
1785 2878 2207 2944 ostendemus.
2295 2877 2516 2961 Neque

246 2983 353 3070 'ea
394 2980 548 3040 nota
590 2976 991 3042 Herodianus
1035 2977 1239 3043 utitur
1293 2997 1367 3043 eo
1402 2970 1546 3043 'loco
1602 2996 1725 3059 quo
1781 2979 1859 3044 de
1905 2979 2030 3063 ἔγχ
2048 2984 2125 3047 εὶ·
2159 3007 2200 3064 χ
2217 2985 2311 3048 αλ
2329 2980 2519 3069 κείῳ

271 3077 346 3142 Π.
390 3078 450 3142 V
494 3077 621 3143 856
677 3080 960 3160 disserit,
1028 3080 1142 3145 sed
1208 3098 1464 3146 causam
1521 3081 1808 3145 diversae
1862 3079 2103 3162 figurae
2155 3085 2389 3166 partim
2453 3086 2518 3149 in

268 3185 504 3261 metro,
571 3184 805 3263 partim
870 3183 935 3247 in
989 3184 1415 3249 modulatione
1457 3184 1863 3249 numerorum
1906 3185 2180 3265 positam
2234 3205 2375 3252 esse
2420 3187 2514 3251 in·
2601 3233 2608 3238 ·

268 3283 469 3348 dicat:
517 3279 775 3371 εἴρηται
820 3285 977 3372 περὶ
1022 3290 1151 3351 τῶν
1196 3289 1517 3372 τοιούτων
1552 3290 1833 3353 δοτικῶν
1858 3287 2025 3354 ποτὲ
2049 3289 2216 3354 κατὰ
2244 3283 2516 3355 διάστα·

266 3410 374 3452 σιν
421 3381 512 3464 ὡς
556 3391 699 3464 νῦν,
757 3387 871 3454 καὶ
916 3388 1079 3478 ποτὲ
1121 3389 1291 3456 κατὰ
1338 3387 1781 3477 συναλοιφὴν,
1839 3389 1946 3454 καὶ
2004 3383 2108 3455 ὅτι
2152 3389 2226 3455 τὸ
2272 3390 2517 3476 μέτρον

264 3485 595 3567 πολλάκις
653 3486 871 3556 αἶ’τιον
926 3493 1037 3558 καὶ
1091 3493 1175 3558 τὰ
1233 3490 1685 3575 ἀντικείμενα,
1756 3489 2047 3579 καίτοιγε
2101 3495 2222 3559 τοῦ
2263 3492 2512 3581 μέτρου

266 3590 361 3680 μὴ
441 3590 920 3673 ἐμποδίζοντος
998 3588 1087 3670 ὡς
1160 3595 1237 3662 τὸ
1317 3592 1644 3683 Πλήθει
1723 3592 2047 3682 πρόσθε
2120 3590 2519 3686 βᾳλόντες

269 3692 521 3779 (XXIII
567 3692 737 3778 639).
825 3695 1133 3761 Metrum‘
1159 3696 1309 3762 alibi
1363 3698 1672 3787 diastasin
1730 3693 2046 3780 flagitare,
2114 3699 2265 3765 alibi
2333 3717 2515 3783 syna-

268 3799 553 3882 loephea,
600 3797 772 3863 dictu
814 3799 1001 3863 nimis
1045 3799 1294 3864 triviale
1341 3806 1507 3889 erat3
1554 3801 1695 3881 quis
1729 3802 1898 3867 enim
1918 3802 2170 3883 ignorat
2207 3802 2318 3868 illa
2340 3803 2382 3869 J
2383 3803 2516 3869 ovis

265 3902 552 3983 epitheta
585 3901 970 3989 κελαινεφέϊ
990 3899 1324 3989 Κρονίωνι
1367 3907 1434 3967 et
1456 3895 1839 3968 contrarium
1883 3901 2026 3979 κὰδ’
2079 3897 2152 3971 δ”
2185 3895 2326 3987 ἷζον
2372 3905 2515 3994 πὰρ

268 4003 434 4091 Ζηνὶ
490 4005 894 4092 κελαινεφεῖ,
967 3999 1175 4091 αὐτὰρ
1224 4000 1558 4087 Ἀχιλλεὺς
1608 4004 1682 4069 Il.
1726 4004 1882 4090 XXI
1924 4004 2079 4086 520,
2158 4002 2522 4098 ὑπερμενέϊ

265 4104 603 4194 Κρονίωνι
658 4106 862 4171 sexies
907 4106 1250 4187 repetitum
1316 4112 1383 4171 et
1429 4124 1572 4172 cum
1617 4107 1997 4190 synaloephe
2041 4108 2160 4175 Διὶ
2204 4111 2512 4196 ῥέξαντες

268 4205 628 4296 ὑπερμενεῖ
668 4204 813 4295 ἱερὰ
858 4205 1021 4274 καλά
1067 4207 1163 4272 ΧΙ
1194 4208 1361 4274 727?
1410 4208 1653 4275 Verum
1696 4210 1802 4276 ille
1845 4209 2115 4276 fortasse
2160 4213 2353 4276 etiam
2395 4210 2514 4272 hoc

186 4308 197 4314 ”
275 4310 396 4375 sibi
441 4297 872 4392 quaerendum
915 4311 1163 4391 putavit
1178 4361 1193 4391 ,
1268 4315 1478 4377 utram
1512 4317 1732 4395 >poeta
1796 4312 2170 4393 praetulerit
2232 4312 2296 4374 in
2362 4309 2514 4372 locis
