2946 4928
477 306 597 373 DE
644 306 1133 391 SYNAERESI,
1178 309 1581 378 DIAERESI
1621 314 1741 378 ete.
1805 310 1947 379 P'.I.
1995 309 2167 392 0.11‚
2218 312 2273 398 ξ.
2301 313 2356 380 1.
2467 312 2553 380 35

298 489 385 546 ne
427 472 496 537 in
537 489 733 554 prosa
773 471 1045 555 quidem,
1089 474 1325 542 nedum
1353 470 1619 565 νεολᾴα.
1690 473 1970 542 Alterius
2014 475 2300 542 merismi
2345 492 2553 543 exem-

301 575 484 658 plum
504 575 763 644 unicum
806 581 906 642 est
925 575 1144 659 Eurip.
1169 577 1303 644 Alc.
1333 576 1454 662 135
1502 581 1740 646 ὁουπεῖ
1755 577 1894 664 χεὶρ
1917 577 2182 648 νεολαία
2205 587 2552 668 γυναικῶν,

304 678 502 761 idque
545 696 700 760 prae
744 678 945 746 altero
987 680 1294 764 probatur
1337 681 1420 748 ab
1464 681 1858 748 Hermanno:
1905 682 2096 769 „ipsa
2118 682 2351 770 forma
2386 682 2559 750 docet

306 808 344 847 r
358 807 394 849 ε
409 806 445 848 o
462 783 497 848 λ
513 806 556 846 α
572 778 655 847 ία
700 779 1074 868 adz’ectivum
1114 788 1311 852 esse&
1424 785 1569 854 Non
1629 785 1913 854 dubitem
1955 787 2276 868 equidem,
2320 788 2475 869 quin
2520 780 2557 852 ὃ

310 888 457 952 τοῦ.
498 884 654 952 νέου
698 886 868 953 λαοῦ
921 879 1010 954 ὤν
1077 887 1201 954 dici
1262 889 1467 972 possit
1521 886 1821 967 νεόλαος,
1891 891 2059 972 quod
2102 889 2560 972 quodammodo

313 986 642 1055 confirmat
678 989 889 1056 Photii
931 991 1143 1073 glossa
1189 989 1504 1072 Νεόλεως
1547 992 1830 1081 ἔφηβοξ,
1900 994 2034 1060 seda
2059 993 2372 1076 quomodo
2414 993 2561 1060 hinc

304 1092 392 1156 ad
438 1091 744 1172 νεόλαιος
782 1100 1157 1176 perventum
1202 1097 1303 1177 sit,
1348 1116 1577 1178 parum
1619 1098 1835 1179 liquet.
1924 1096 2223 1166 Ceterum
2264 1098 2386 1163 loci
2428 1098 2558 1163 Eu·

304 1195 538 1277 ripidei
583 1197 899 1280 scriptura
950 1198 1307 1281 ambigitur.
1325 1238 1398 1248 —
1425 1202 1485 1266 A
1528 1196 1691 1280 λαός
1733 1219 1863 1266 una
1905 1201 2094 1268 litera
2137 1201 2335 1269 distat
2377 1197 2557 1280 ναός,

306 1300 476 1365 unde
522 1299 812 1368 derivata
855 1308 1003 1367 sunt
1046 1300 1235 1382 νάϊος
1278 1309 1345 1369 et
1388 1302 1666 1385 ναΐδιον,
1711 1305 1870 1371 nulli
1914 1303 2229 1370 affectioni
2258 1303 2555 1385 obnoxia3

318 1402 424 1467 sed
466 1403 930 1471 dubitationem
951 1406 1151 1472 iniicit
1173 1406 1498 1474 Minervae
1521 1407 1863 1490 Delphicae
1889 1407 2211 1490 epitheton
2234 1404 2557 1500 Προνοία,

317 1523 459 1570 num
502 1505 819 1588 significet
880 1509 999 1595 τὴν
1046 1507 1497 1597 προναίουσαν
1565 1511 1727 1577 sicut
1793 1511 2077 1588 eiusdem
2142 1511 2265 1576 loci
2319 1511 2561 1577 incolae

311 1607 399 1674 dii
440 1608 810 1676 hominesve
857 1607 1151 1679 σι’ννναιοι
1196 1617 1657 1695 nuncupantur,
1704 1633 1786 1678 an
1817 1614 1939 1683 dea
1982 1613 2284 1679 sacellum
2326 1614 2562 1696 templo

308 1714 740 1795 antepositum
796 1715 978 1797 quasi
1024 1712 1322 1805 πρόνοον
1364 1717 1644 1782 incolens
1710 1716 1881 1782 dicta
1945 1717 2031 1782 sit
2074 1713 2387 1804 προνάὶ·ος
2431 1716 2564 1782 sive

310 1814 610 1902 προναΐα
679 1818 843 1908 sicut
908 1818 1323 1907 προβώμιος,
1398 1819 1781 1902 syllabisque
1849 1820 2187 1885 contractis
2254 1818 2559 1904 προναία,

307 1919 626 2000 quomodo
670 1919 817 1987 libri
860 1922 1159 1996 exhibent
1202 1925 1266 1988 in
1289 1922 1578 2005 Aeschyl.
1601 1922 1865 1989 Eumen.
1891 1923 1970 1988 21
2021 1927 2088 1988 et
2114 1922 2563 2005 Inscriptiones

311 2020 393 2085 ab
437 2021 807 2089 Hermanno
850 2024 973 2090 huc
1017 2025 1367 2108 adhibitae,
1422 2028 1531 2109 qui
1574 2027 1705 2093 iota
1747 2026 1948 2092 vocali
1989 2025 2242 2108 longae,
2310 2031 2382 2091 ut
2428 2044 2565 2091 mos

308 2122 456 2204 fert,
502 2125 880 2207 subscripsit
923 2132 996 2193 ut
1016 2126 1348 2218 Pindarico
1371 2134 1591 2220 Λᾷος.
1620 2167 1692 2177 -
1723 2128 1883 2195 Cum
1912 2123 2076 2208 λαός
2119 2134 2186 2196 et
2226 2127 2384 2209 ναός
2419 2148 2564 2211 pro·

310 2228 494 2294 sodia
561 2231 937 2296 conveniunt
1001 2232 1444 2315 andronymica
1488 2227 1844 2311 Εὖπαΐδας
1910 2231 2185 2315 Thucyd.
2232 2237 2298 2298 et
2339 2236 2564 2299 Πολυ·

316 2329 586 2421 παΐδης,
635 2333 803 2415 quod
845 2334 995 2400 olim
1036 2336 1103 2401 in
1133 2335 1408 2417 Theogn.
1434 2333 1657 2402 Gnom.
1704 2334 2098 2428 scribebatur
2121 2332 2565 2422 Πολυπαίδης

314 2434 446 2502 iota
491 2441 710 2503 contra
752 2438 1036 2521 regulam
1089 2457 1214 2506 non
1261 2440 1586 2522 supposito
1655 2438 1769 2505 sed
1813 2438 2127 2522 apposito,
2195 2437 2379 2521 quasi
2423 2455 2566 2504 cum

310 2544 478 2619 παῖς
522 2542 936 2624 compositum
983 2544 1083 2609 sit.
1135 2581 1205 2591 —-
1258 2542 1418 2609 Cum
1461 2540 1706 2621 Λάδας
1773 2543 1840 2607 in
1903 2541 2143 2625 Parall„
2182 2540 2264 2606 78
2332 2543 2567 2608 contuli

312 2641 600 2732 Γράόης,
644 2646 811 2727 quod
853 2646 1254 2713 Herodianus
1297 2647 1364 2713 in
1396 2647 1698 2713 Anecdot.
1745 2643 1940 2711 Oxon.
1994 2644 2108 2710 111.
2156 2643 2282 2710 232
2327 2645 2564 2713 directe

305 2748 811 2832 patronymicum
854 2750 1117 2831 apellat,
1186 2751 1299 2817 τὸν
1345 2751 1468 2836 γὰρ
1514 2747 1657 2817 υἱὸν
1700 2754 1820 2816 τοῦ
1871 2751 2012 2836 Γρᾶ
2060 2744 2387 2837 σημαίνει,
2453 2748 2566 2812 sed

312 2870 463 2918 cum
526 2857 844 2933 potestate
899 2853 1331 2935 patronymica
1382 2853 1599 2917 'amisit
1652 2853 1846 2919 etiam
1889 2852 2036 2917 iota.
2146 2850 2373 2917 Fixum
2417 2866 2565 2915 vero

312 2959 420 3021 est
464 2955 849 3022 deminutivo
880 2953 1154 3046 γρᾴδιον
1196 2974 1323 3022 non
1367 2956 1572 3024 solum
1600 2957 1667 3021 in
1708 2957 1941 3023 nostris
1983 2954 2181 3035 libris,
2227 2953 2342 3019 sed
2373 2952 2566 3018 etiam

312 3059 385 3125 in
427 3058 741 3140 paradosi,
787 3077 978 3140 quam
1023 3048 1409 3125 attestantur
1431 3060 1843 3142 grammatici,
1889 3079 1946 3126 v.
1980 3058 2247 3124 Elemm.
2271 3055 2304 3121 I
2335 3075 2395 3138 p.
2419 3055 2564 3134 280,

312 3167 385 3228 et
427 3162 494 3227 in
535 3161 823 3231 versibus
847 3162 1143 3228 distincte
1167 3164 1439 3243 auditur,
1486 3164 1655 3229 unde
1701 3161 2056 3246 synaeresis
2101 3158 2413 3242 trisyllabi
2459 3176 2561 3225 co-

316 3265 658 3349 gnoscitur.
683 3300 768 3311 —
791 3263 951 3334 Cum
991 3264 1091 3330 his
1116 3267 1493 3349 complectar
1518 3267 1843 3346 adiectiva,
1891 3282 2052 3347 quae
2076 3262 2411 3345 etymologi
2435 3261 2564 3342 pri-

315 3368 540 3434 mitivo
585 3364 750 3447 δάῖς,
803 3371 944 3457 &rycg
988 3368 1341 3449 subiiciunt,
1390 3371 1576 3459 δᾷος,
1623 3369 1792 3452 ‘quod
1824 3368 2228 3433 Hermannus
2251 3363 2563 3445 Aeschylo

318 3471 599 3554 Choeph.
644 3469 770 3536 618
836 3456 1025 3537 metri
1075 3490 1281 3538 ⁴causa
1348 3472 1705 3554 substituit,
1771 3472 1996 3554 hisque
2052 3488 2298 3537 annexa
2342 3470 2565 3556 δῃοῦν,

321 3571 556 3663 ἆόῇος,
603 3561 964 3663 ὁῃᾶλωτος,
1012 3571 1375 3665 Andrapa,
1422 3576 1651 3658 quibus
1682 3576 1989 3643 editiones
2010 3577 2261 3641 veteres
2282 3589 2567 3638 nonnun-

319 3696 512 3760 quam
554 3678 686 3744 iota
730 3678 1089 3760 detrahunt,
1133 3680 1367 3761 partim
1410 3684 1773 3763 asyncreta,
1838 3674 2194 3762 μενεόαΐου
2237 3671 2460 3741 ἵππου
2503 3675 2570 3739 in

324 3782 497 3847 exitu
537 3800 761 3854 versus
805 3782 1052 3865 Anytae
1095 3781 1310 3864 Epigr.
1350 3782 1506 3848 XVI
1549 3789 1616 3848 et
1655 3782 2111 3849 nominativum
2154 3777 2394 3860 proprii
2416 3782 2569 3846 Με-

325 3890 587 3964 νεὸαἳος
621 3885 897 3969 Thucyd.
941 3885 1040 3951 III
1082 3885 1180 3966 10,
1227 3886 1334 3967 qui
1376 3904 1543 3951 nunc
1587 3891 1914 3952 accentum
1956 3885 2023 3950 in
2072 3882 2573 3965 antepenultima

322 3989 568 4074 accepit
586 3990 753 4057 sicut
782 3988 1205 4076 Θρασύδαιος
1224 3989 1291 4053 in
1320 3989 1645 4055 Demosth.
1678 3988 1899 4055 Coron.
1926 3984 2053 4053 324
2101 3989 2169 4051 et
2211 3985 2353 4053 aliis
2396 3984 2569 4051 locis,

320 4091 452 4160 Sed
493 4111 686 4175 saepe
732 4092 923 4159 etiam
965 4092 1594 4176 properispomenon:
1641 4089 1949 4170 Athenae.
1993 4088 2085 4155 VI
2137 4085 2264 4154 249
2304 4086 2371 4167 O,
2391 4081 2568 4173 Ἀρι-

324 4199 517 4275 ὸαῖος
559 4196 743 4262 Diod.
787 4195 940 4267 XIV
983 4194 1084 4279 24,
1132 4194 1340 4263 Strab.
1363 4193 1550 4261 XVII
1591 4192 1652 4259 8.
1700 4190 1845 4274 794,
1889 4192 2163 4258 Pausan.
2206 4189 2240 4255 Ι
2283 4187 2343 4254 6.
2390 4188 2447 4267 2,
2495 4186 2569 4253 cf.

322 4297 553 4371 Parall.
577 4297 725 4366 229.
754 4337 824 4347 —-
856 4298 1250 4366 Adiectivum
1269 4298 1370 4365 his
1395 4297 1746 4367 subnexum
1772 4293 1964 4374 ὁάϊος
1995 4289 2354 4441 εἰνέιξκήϊος,
2404 4288 2572 4370 quod
