2946 4928
508 301 623 367 DE
667 300 1460 372 PROSGHEMATISMO.
1534 300 1742 371 RIII.
1788 301 1961 370 G.IL
2005 304 2061 389 ἕ.
2085 302 2146 401 6.
2340 300 2470 370 259
2546 307 2553 310 Α

172 445 175 447 v
240 466 586 552 συλλαβῆς·
633 463 843 545 οὕτως
877 462 1285 555 Ἠρωδιαῠός
1325 466 1471 535 ΕΜ.
1516 463 1660 533 645.
1710 466 1764 534 1.
1851 467 2030 533 Haec
2086 464 2283 533 Verba
2324 465 2476 534 Vel-

127 589 134 594 ·
240 586 423 636 senus
464 570 530 636 in
571 568 821 652 Fragm.
868 569 1097 653 Tryph,
1142 589 1202 652 p.
1246 570 1329 637 53
1398 575 1465 636 et
1506 570 1592 637 M.
1639 570 2023 638 Schmidtius
2067 571 2135 637 in
2176 569 2283 637 Fr.
2328 570 2479 637 Did.

236 691 293 755 p.
337 670 470 755 403⁴
504 674 570 739 in
613 673 863 739 tabulas
908 674 1279 756 retulerunt,
1324 675 1428 741 hic
1460 676 1715 742 -nullum
1745 693 1930 742 suum
1943 675 2249 758 judicium
2274 674 2476 741 inter-

235 793 487 858 ponens
531 777 638 842 ille
683 794 828 842 cum
871 777 1137 843 diversis
1168 780 1596 845 commiscens
1683 778 1771 846 Et
1794 783 1944 844 sunt
1965 797 2119 844 sane
2149 778 2479 844 obscurius

238 879 578 945 enuntiata.-
663 880 831 946 Illud
874 881 1127 963 quidem
1172 887 1455 963 apparet,
1499 886 1799 948 neutrum
1841 882 2135 947 universe
2166 882 2246 947 de
2276 881 2479 947 omni·

237 981 351 1048 bus
394 982 512 1049 hoc
554 984 738 1050 modo
784 982 1185 1050 conformatis
1229 985 1560 1066 loquutum
1605 1003 1765 1051 esse.
1856 983 2010 1062 Quis
2055 985 2223 1050 enim
2264 985 2484 1051 credat

235 1082 570 1168 Didymum
611 1088 937 1169 ignorasse
959 1086 1364 1152 Homericum
1410 1082 1495 1154 δι’
1547 1081 1789 1177 ὄρεσφι
1833 1088 1908 1153 Il.
1941 1088 2018 1153 X.
2056 1087 2177 1153 185
2225 1092 2291 1153 et
2332 1088 2480 1153 huic

236 1188 461 1254 similia
506 1191 616 1257 διὰ
662 1187 1016 1280 στήθεσφι,
1066 1185 1203 1257 ἀπὸ
1252 1179 1611 1280 στήθεσφι,
1656 1191 1732 1272 ἐξ
1765 1181 2129 1280 Ἐρέβεσφι,
2174 1196 2286 1256 aut
2321 1189 2477 1274 Try·

234 1290 421 1374 11110111
463 1292 681 1374 ignota
722 1292 919 1360 fuisse
946 1290 1243 1361 αὐτοῖσιν
1275 1286 1537 1381 ὄχεσφι,
1586 1319 1701 1361 σιν
1722 1292 2038 1362 ἵπποισιν
2061 1319 2172 1360 και
2155 1287 2476 1380 ὄχεσφιῗ

231 1385 399 1475 Ergo
445 1397 820 1462 sumendum
867 1403 991 1478 est,
1039 1397 1530 1463 controversiam
1572 1398 1747 1462 illam
1793 1398 1876 1463 ad
1919 1402 2125 1462 certos
2169 1397 2480 1479 quosdam

231 1495 399 1565 locos
440 1500 794 1581 pertinere,
853 1502 918 1566 in
963 1499 1191 1582 quibus
1236 1500 1344 1566 alii
1388 1501 1674 1577 dativum
1717 1501 2103 1582 acciperent,
2149 1499 2258 1564 alii
2302 1500 2477 1583 geni-

211 1599 444 1665 tivum.
537 1601 680 1667 Huc
722 1603 997 1668 referam
1039 1604 1112 1669 Il.
1156 1603 1379 1668 XXIII
1426 1603 1463 1672 7
1522 1599 1633 1670 ὑπ’
1681 1596 2296 1691 ,ὄχεσφικλυώμεθα
2341 1599 2475 1687 μώ-

232 1727 421 1785 νυχας
462 1702 744 1784 ἵππους,
792 1706 961 1787 quod
995 1706 1185 1771 schol.
1209 1706 1268 1771 A
1302 1707 1760 1788 interpretatur
1803 1701 1939 1773 ὑπὸ
1985 1710 2125 1784 τοῖς
2169 1702 2476 1794 ὀχήμασι,
2550 1699 2575 1708 “

229 1804 417 1887 idque
450 1807 761 1890 Didymus
794 1809 1235 1891 comprobasse
1278 1810 1529 1875 videtur
1573 1809 1799 1875 collato
1844 1809 2034 1874 simili
2076 1807 2315 1890 ἔλυσαν
2361 1804 2473 1897 ὑφ’

231 1906 518 2001 ᾄρμασιν
574 1909 859 1991 ἵππους,
929 1912 1274 1994 eodemque
1317 1914 1587 1978 traxisse
1643 1912 1800 1977 alios
1854 1912 2052 1992 locoS,
2118 1913 2185 1977 in
2250 1911 2479 1993 quibus

228 2008 335 2078 ὑπ’
388 2008 627 2102 ὄχεσφι
676 2021 743 2080 et
788 2009 943 2102 παρ’
996 2008 1230 2103 ὄχεσφι
1278 2016 1463 2082 modo
1510 2016 1589 2081 de
1632 2034 1757 2079 uno
1781 2032 1972 2079 curru
2002 2015 2247 2094 dicitur,
2293 2014 2512 2096 ‚modos

116 2188 120 2192 ‚
229 2115 304 2180 de
347 2117 657 2199 pluribus.
748 2118 1145 2200 Tryphonem
1210 2138 1358 2184 vero
1424 2119 1709 2199 suspicor
1774 2118 1877 2183 ad
1900 2117 2246 2199 genitivum
2299 2117 2475 2182 incli-

223 2224 436 2302 nasse,
485 2240 613 2304 quo
654 2225 844 2303 poeta
910 2222 976 2286 in
1022 2222 1213 2287 simili
1257 2240 1449 2288 causa
1491 2223 1711 2302 utitur,
1764 2219 2024 2298 ἳίτπους
2069 2222 2273 2286 λῦσαν
2337 2215 2473 2286 ὑπὸ

230 2321 424 2408 ζυγοῦ
470 2325 605 2391 Vlll
625 2322 751 2391 543
797 2330 862 2390 et
908 2321 1040 2391 ὑπὸ
1090 2321 1365 2411 ζυγόφιν
1411 2321 1630 2391 λύονε
1613 2322 1866 2403 ι’ππους
1886 2323 2100 2389 XXIV
2123 2321 2266 2405 516
2295 2340 2477 2406 quae

228 2425 653 2495 Callimachus
717 2428 1003 2514 imitatur
1055 2426 1136 2492 H.
1182 2425 1363 2492 Dian.
1415 2425 1536 2492 162
1601 2424 1893 2519 κεμάδος
1944 2422 2093 2495 ὑπὸ
2164 2422 2473 2514 ζεύγληφι

229 2531 572 2610 λυθείσας.
640 2531 759 2596 His
802 2532 997 2613 igitur
1018 2531 1202 2595 nixus
1250 2525 1531 2620 ὀχέοσφι
1575 2532 1889 2599 thematis
1916 2532 2056 2598 loco
2098 2530 2311 2613 posuit
2351 2548 2477 2595 non

224 2635 482 2716 ignarus
530 2634 848 2716 singulare
915 2633 989 2699 τὸ
1040 2629 1193 2716 ὄχος
1258 2633 1337 2698 ab
1382 2633 1646 2700 Homeri
1703 2652 1826 2699 usu
1869 2634 2144 2699 alienum
2186 2651 2346 2700 esse.
2399 2669 2471 2681 —-

225 2737 325 2802 Ad
368 2738 630 2821 Didymi
672 2739 983 2803 rationem
1025 2737 1553 2802 accommodatius
1603 2741 1704 2802 est
1747 2737 2018 2802 alterum
2061 2755 2316 2802 nomen.
2302 2757 2316 2771 ·
2387 2731 2480 2815 ὡς

137 2868 146 2870 ’
228 2836 337 2908 ὅτε
384 2845 524 2928 πῦρ
567 2839 827 2906 καίεται
877 2835 1171 2927 ὄρεσφι
1215 2840 1370 2904 XIX
1404 2830 1574 2920 376,
1643 2836 1772 2919 ὥς
1798 2835 1910 2907 ὅτε
1964 2839 2194 2924 νεβρὸν
2239 2832 2477 2927 ὄρεσφι

226 2940 451 3065 δίηται
496 2943 687 3009 XXII
735 2941 884 3023 189,
953 2938 1040 3022 ὡς
1105 2946 1282 3020 θῶες
1348 2936 1593 3029 ὄρεσφι
1658 2943 1752 3008 XI
1808 2942 1962 3023 474,
2028 2937 2186 3030 ήὶιτε
2251 2939 2478 3029 κίρκος

226 3039 505 3134 ὄρεσφιν
553 3043 786 3134 οἴμησε
829 3045 1019 3111 XXII
1067 3043 1217 3125 139,
1286 3065 1413 3128 qua
1476 3047 1542 3111 in
1587 3047 1938 3112 sententiae
1983 3044 2474 3111 conformatione
2567 3071 2571 3079 ·

226 3164 417 3231 saepe
471 3149 725 3216 dativus
779 3149 1025 3276 integer
1090 3167 1233 3214 cum
1295 3151 1762 3232 praepositione
1805 3150 2149 3232 reperitur:
2208 3143 2472 3215 σύεσσιν

228 3247 503 3332 ἐοικότε,
542 3249 635 3317 τώ
662 3248 731 3317 τ’
782 3251 851 3318 ἒν
896 3246 1124 3338 ὄρεσσι
1154 3253 1381 3318 -ΧΠ
1409 3252 1549 3333 146,
1599 3246 1828 3343 ὄρνιθι
1876 3251 2256 3337 ἐναλίγκιος,
2305 3247 2383 3337 ἣν
2417 3246 2472 3317 τ’

226 3350 293 3419 ἐν
337 3347 574 3438 ὄρεσσι
622 3388 694 3405 --
743 3354 895 3420 XIV
941 3353 1103 3435 290,
1150 3354 1415 3445 καπρίῳ
1461 3353 1743 3434 εἴκελος,
1794 3353 1866 3434 ὅς
1910 3350 1961 3419 τ’
2012 3354 2080 3422 ἐν
2124 3351 2347 3439 ὄρεσσι
2397 3391 2467 3400 -—

222 3454 410 3523 XVII
452 3457 606 3523 282-
636 3463 753 3523 etc.
844 3457 970 3523 Sed
1013 3476 1273 3540 prorsus
1316 3463 1632 3541 repugnat
1676 3455 1757 3527 δι’
1811 3451 2055 3546 ὄρεσφι
2100 3456 2163 3521 Χ
2214 3455 2362 3538 185,
2410 3462 2482 3527 et.

225 3554 360 3625 κατ’
413 3555 660 3649 ὄρεσφι
719 3560 810 3626 IV
854 3559 1009 3643 452,
1076 3562 1187 3627 ubi
1228 3561 1421 3628 schol.
1468 3562 1820 3645 Tryphonis
1886 3561 2267 3627 sententiam
2330 3578 2474 3641 pro-

221 3661 471 3730 fitetur:
518 3664 594 3731 τὸ
640 3666 693 3734 ’.ἶ
737 3663 978 3731 ἔδωκεν
1020 3659 1063 3752 ἦ
1111 3664 1408 3755 συγκοπὴ
1456 3662 1546 3745 ὥς
1589 3668 1664 3731 τὸ
1691 3662 2078 3751 θεόφαντον
2125 3664 2459 3751 θέσφατον
2539 3723 2548 3748 ,

225 3765 520 3857 idemq-ue
563 3766 835 3833 fortasse
899 3768 1041 3834 aliis
1084 3768 1239 3835 locis
1304 3762 1548 3855 ὄρεσφι
1615 3768 1959 3850 genitivum
2025 3785 2165 3832 esse
2230 3767 2479 3847 putavit

174 3938 186 3948 ,
222 3870 683 3953 significatione
724 3871 926 3951 locali,
974 3890 1137 3953 quae
1180 3872 1368 3954 vulgo
1399 3864 1866 3953 praepositione
1910 3866 2030 3936 ἐπί
2073 3869 2483 3951 exprimitur3

123 3965 144 3972 ’
222 3979 335 4038 aut
378 3974 577 4039 etiam
619 3992 1067 4056 nonnunquam
1112 3969 1353 4063 ὄρεσφι
1397 3974 1696 4062 mendose
1739 3993 1855 4055 pro
1903 3965 2130 4059 ὄρεσσι
2166 3973 2469 4054 scriptum

220 4093 364 4141 esse
413 4077 659 4142 sumsit.
745 4076 843 4141 Ea
885 4075 1201 4158 perfacilis
1246 4082 1346 4142 est
1398 4078 1465 4142 in
1509 4083 1642 4142 tam
1684 4077 1809 4141 levi
1853 4075 2048 4141 ductu
2090 4075 2360 4141 mutatio
2408 4079 2475 4137 et
2540 4164 2543 4167 Ι

100 4196 146 4217 ··
218 4198 345 4245 non
414 4199 566 4245 rara
631 4180 766 4245 eius
830 4180 897 4245 in
940 4181 1173 4246 nostris
1228 4180 1408 4246 libris
1453 4179 1771 4260 exempla.
1841 4175 1952 4246 επὶ
2022 4174 2347 4265 στήθεσσι
2415 4180 2478 4241 et

221 4278 587 4373 στήθεσφι,
630 4303 687 4350 V.
733 4282 1053 4369 Thiersch.
1101 4284 1136 4371 ξ
1189 4282 1327 4391 186.
1371 4284 1413 4351 2
1455 4277 1740 4374 11,οἰμφ’
1793 4278 2164 4437 ὀχέεσσὰξίι
2210 4276 2473 4369 ὀχέεσφι
