<?xml version="1.0" encoding="UTF-8"?>
<!DOCTYPE html PUBLIC "-//W3C//DTD XHTML 1.0 Transitional//EN"
    "http://www.w3.org/TR/xhtml1/DTD/xhtml1-transitional.dtd">
<html xmlns="http://www.w3.org/1999/xhtml" xml:lang="en" lang="en">
 <head>
  <title>
</title>
<meta http-equiv="Content-Type" content="text/html;charset=utf-8" />
  <meta name='ocr-system' content='tesseract 3.04.00' />
  <meta name='ocr-capabilities' content='ocr_page ocr_carea ocr_par ocr_line ocrx_word'/>
</head>
<body>
  <div class='ocr_page' id='page_1' title='image "./pathologiaegrae02lobegoog_0206.png"; bbox 0 0 2946 4928; ppageno 0'>
   <div class='ocr_carea' id='block_1_1' title="bbox 430 311 1956 395">
    <p class='ocr_par' dir='ltr' id='par_1_1' title="bbox 430 311 1956 395">
     <span class='ocr_line' id='line_1_1' title="bbox 430 311 1956 395; baseline 0.003 -17"><span class='ocrx_word' id='word_1_1' title='bbox 430 311 564 395; x_wconf 22' lang='lat'>,188</span> <span class='ocrx_word' id='word_1_2' title='bbox 1193 311 1749 381; x_wconf 71' lang='lat' dir='ltr'>mssxRTA‘rlo</span> <span class='ocrx_word' id='word_1_3' title='bbox 1816 314 1956 381; x_wconf 85' lang='lat' dir='ltr'>vn.</span> 
     </span>
    </p>
   </div>
   <div class='ocr_carea' id='block_1_2' title="bbox 411 475 2675 1906">
    <p class='ocr_par' dir='ltr' id='par_1_2' title="bbox 411 475 2675 1906">
     <span class='ocr_line' id='line_1_2' title="bbox 444 475 2675 566; baseline 0 -23"><span class='ocrx_word' id='word_1_4' title='bbox 444 478 641 560; x_wconf 80' lang='lat' dir='ltr'>suppl.</span> <span class='ocrx_word' id='word_1_5' title='bbox 666 476 856 544; x_wconf 86' lang='lat' dir='ltr'>Pron.</span> <span class='ocrx_word' id='word_1_6' title='bbox 899 495 959 557; x_wconf 90' lang='lat' dir='ltr'>p.</span> <span class='ocrx_word' id='word_1_7' title='bbox 1005 476 1087 541; x_wconf 83' lang='lat'>27</span> <span class='ocrx_word' id='word_1_8' title='bbox 1132 475 1201 542; x_wconf 88' lang='lat' dir='ltr'>P.</span> <span class='ocrx_word' id='word_1_9' title='bbox 1245 476 1363 543; x_wconf 89' lang='lat' dir='ltr'>IV:</span> <span class='ocrx_word' id='word_1_10' title='bbox 1412 500 1499 563; x_wconf 72' lang='lat' dir='ltr'>ms</span> <span class='ocrx_word' id='word_1_11' title='bbox 1531 477 2000 566; x_wconf 73' lang='grc' dir='ltr'><strong><em>ἐφελκυστικόν</em></strong></span> <span class='ocrx_word' id='word_1_12' title='bbox 2042 501 2485 566; x_wconf 70' lang='lat' dir='ltr'><em>saepenumero</em></span> <span class='ocrx_word' id='word_1_13' title='bbox 2502 477 2675 552; x_wconf 70' lang='lat' dir='ltr'>,Bek-</span> 
     </span>
     <span class='ocr_line' id='line_1_3' title="bbox 432 579 2671 668; baseline 0.002 -24"><span class='ocrx_word' id='word_1_14' title='bbox 432 579 620 644; x_wconf 77' lang='lat' dir='ltr'>kerue</span> <span class='ocrx_word' id='word_1_15' title='bbox 663 580 763 645; x_wconf 81' lang='lat' dir='ltr'>vel</span> <span class='ocrx_word' id='word_1_16' title='bbox 787 591 944 665; x_wconf 74' lang='lat' dir='ltr'>post</span> <span class='ocrx_word' id='word_1_17' title='bbox 985 580 1280 645; x_wconf 71' lang='lat' dir='ltr'>minimae</span> <span class='ocrx_word' id='word_1_18' title='bbox 1316 583 1537 666; x_wconf 71' lang='lat' dir='ltr'>posuit</span> <span class='ocrx_word' id='word_1_19' title='bbox 1558 582 2103 668; x_wconf 64' lang='lat' dir='ltr'>intevpunctionee,</span> <span class='ocrx_word' id='word_1_20' title='bbox 2147 606 2359 649; x_wconf 80' lang='lat' dir='ltr'>verum</span> <span class='ocrx_word' id='word_1_21' title='bbox 2399 606 2525 648; x_wconf 75' lang='lat' dir='ltr'>non</span> <span class='ocrx_word' id='word_1_22' title='bbox 2558 584 2671 666; x_wconf 68' lang='lat' dir='ltr'>sic,</span> 
     </span>
     <span class='ocr_line' id='line_1_4' title="bbox 432 683 2673 773; baseline 0.002 -27"><span class='ocrx_word' id='word_1_23' title='bbox 432 694 531 765; x_wconf 75' lang='lat' dir='ltr'>ut,</span> <span class='ocrx_word' id='word_1_24' title='bbox 600 705 864 768; x_wconf 76' lang='lat' dir='ltr'>quorum</span> <span class='ocrx_word' id='word_1_25' title='bbox 930 683 1233 747; x_wconf 78' lang='lat' dir='ltr'>librorum</span> <span class='ocrx_word' id='word_1_26' title='bbox 1281 685 1765 749; x_wconf 71' lang='lat' dir='ltr'>auctoritatibus</span> <span class='ocrx_word' id='word_1_27' title='bbox 1831 685 1906 748; x_wconf 74' lang='lat' dir='ltr'>id</span> <span class='ocrx_word' id='word_1_28' title='bbox 1945 687 2215 773; x_wconf 57' lang='lat' dir='ltr'>sz&#39;nyulzb</span> <span class='ocrx_word' id='word_1_29' title='bbox 2257 688 2325 750; x_wconf 79' lang='lat' dir='ltr'>in</span> <span class='ocrx_word' id='word_1_30' title='bbox 2372 688 2673 773; x_wconf 60' lang='lat' dir='ltr'>eoeemplzb</span> 
     </span>
     <span class='ocr_line' id='line_1_5' title="bbox 411 777 2675 873; baseline 0.004 -25"><span class='ocrx_word' id='word_1_31' title='bbox 411 777 673 869; x_wconf 61' lang='lat' dir='ltr'>factum</span> <span class='ocrx_word' id='word_1_32' title='bbox 714 785 816 866; x_wconf 75' lang='lat' dir='ltr'>sit,</span> <span class='ocrx_word' id='word_1_33' title='bbox 863 799 1192 871; x_wconf 74' lang='lat' dir='ltr'><em>appareat,</em></span> <span class='ocrx_word' id='word_1_34' title='bbox 1237 789 1408 854; x_wconf 81' lang='lat' dir='ltr'>idem</span> <span class='ocrx_word' id='word_1_35' title='bbox 1449 789 1621 854; x_wconf 82' lang='lat' dir='ltr'>valet</span> <span class='ocrx_word' id='word_1_36' title='bbox 1665 788 1742 854; x_wconf 84' lang='lat' dir='ltr'>de</span> <span class='ocrx_word' id='word_1_37' title='bbox 1789 789 2094 855; x_wconf 84' lang='lat' dir='ltr'>omnibUS.</span> <span class='ocrx_word' id='word_1_38' title='bbox 2184 789 2311 856; x_wconf 85' lang='lat' dir='ltr'>Sed</span> <span class='ocrx_word' id='word_1_39' title='bbox 2353 791 2438 872; x_wconf 86' lang='lat' dir='ltr'>iS,</span> <span class='ocrx_word' id='word_1_40' title='bbox 2485 809 2675 873; x_wconf 82' lang='lat' dir='ltr'>quem</span> 
     </span>
     <span class='ocr_line' id='line_1_6' title="bbox 430 888 2674 975; baseline 0.004 -23"><span class='ocrx_word' id='word_1_41' title='bbox 430 889 496 953; x_wconf 89' lang='lat' dir='ltr'>in</span> <span class='ocrx_word' id='word_1_42' title='bbox 538 888 657 954; x_wconf 91' lang='lat' dir='ltr'>hoc</span> <span class='ocrx_word' id='word_1_43' title='bbox 701 907 988 954; x_wconf 85' lang='lat' dir='ltr'>sermone</span> <span class='ocrx_word' id='word_1_44' title='bbox 1034 890 1379 956; x_wconf 81' lang='lat' dir='ltr'>identidem</span> <span class='ocrx_word' id='word_1_45' title='bbox 1423 891 1754 971; x_wconf 70' lang='lat' dir='ltr'>nominavi,</span> <span class='ocrx_word' id='word_1_46' title='bbox 1805 893 2086 959; x_wconf 90' lang='lat' dir='ltr'>codicum</span> <span class='ocrx_word' id='word_1_47' title='bbox 2107 892 2522 975; x_wconf 86' lang='lat' dir='ltr'>plurimorum</span> <span class='ocrx_word' id='word_1_48' title='bbox 2565 913 2674 960; x_wconf 90' lang='lat' dir='ltr'>ex-</span> 
     </span>
     <span class='ocr_line' id='line_1_7' title="bbox 429 990 2674 1081; baseline 0.004 -26"><span class='ocrx_word' id='word_1_49' title='bbox 429 990 710 1072; x_wconf 79' lang='lat' dir='ltr'>plorator</span> <span class='ocrx_word' id='word_1_50' title='bbox 755 1010 946 1074; x_wconf 83' lang='lat' dir='ltr'>saepe</span> <span class='ocrx_word' id='word_1_51' title='bbox 992 995 1184 1059; x_wconf 89' lang='lat' dir='ltr'>etiam</span> <span class='ocrx_word' id='word_1_52' title='bbox 1228 995 1440 1075; x_wconf 89' lang='lat' dir='ltr'>verba,</span> <span class='ocrx_word' id='word_1_53' title='bbox 1488 1014 1651 1077; x_wconf 89' lang='lat' dir='ltr'>quae</span> <span class='ocrx_word' id='word_1_54' title='bbox 1695 1014 1809 1061; x_wconf 91' lang='lat' dir='ltr'>nos</span> <span class='ocrx_word' id='word_1_55' title='bbox 1855 997 2205 1061; x_wconf 84' lang='lat' dir='ltr'>arctissime</span> <span class='ocrx_word' id='word_1_56' title='bbox 2228 998 2674 1081; x_wconf 80' lang='lat' dir='ltr'>connectimus,</span> 
     </span>
     <span class='ocr_line' id='line_1_8' title="bbox 430 1096 2673 1181; baseline 0.004 -21"><span class='ocrx_word' id='word_1_57' title='bbox 430 1100 738 1161; x_wconf 90' lang='lat' dir='ltr'>commate</span> <span class='ocrx_word' id='word_1_58' title='bbox 783 1096 1093 1176; x_wconf 81' lang='lat' dir='ltr'>distinxit,</span> <span class='ocrx_word' id='word_1_59' title='bbox 1162 1116 1434 1163; x_wconf 85' lang='lat' dir='ltr'>consona</span> <span class='ocrx_word' id='word_1_60' title='bbox 1500 1117 1663 1164; x_wconf 90' lang='lat' dir='ltr'>nunc</span> <span class='ocrx_word' id='word_1_61' title='bbox 1730 1099 2022 1181; x_wconf 85' lang='lat' dir='ltr'>apposita</span> <span class='ocrx_word' id='word_1_62' title='bbox 2084 1103 2158 1164; x_wconf 89' lang='lat' dir='ltr'>ut</span> <span class='ocrx_word' id='word_1_63' title='bbox 2197 1100 2460 1167; x_wconf 88' lang='lat' dir='ltr'>Aristot.</span> <span class='ocrx_word' id='word_1_64' title='bbox 2504 1102 2673 1169; x_wconf 89' lang='lat' dir='ltr'>Hist.</span> 
     </span>
     <span class='ocr_line' id='line_1_9' title="bbox 429 1196 2672 1291; baseline 0.004 -30"><span class='ocrx_word' id='word_1_65' title='bbox 429 1196 699 1262; x_wconf 87' lang='lat' dir='ltr'>Animm.</span> <span class='ocrx_word' id='word_1_66' title='bbox 745 1198 904 1263; x_wconf 92' lang='lat' dir='ltr'><strong>VIII</strong></span> <span class='ocrx_word' id='word_1_67' title='bbox 946 1199 1031 1264; x_wconf 83' lang='lat'>20</span> <span class='ocrx_word' id='word_1_68' title='bbox 1073 1219 1132 1281; x_wconf 87' lang='lat' dir='ltr'>p.</span> <span class='ocrx_word' id='word_1_69' title='bbox 1183 1197 1325 1265; x_wconf 89' lang='grc'><strong>603.</strong></span> <span class='ocrx_word' id='word_1_70' title='bbox 1379 1200 1455 1264; x_wconf 86' lang='grc'>10</span> <span class='ocrx_word' id='word_1_71' title='bbox 1503 1198 1737 1288; x_wconf 81' lang='grc' dir='ltr'><strong><em>κύρτον</em></strong></span> <span class='ocrx_word' id='word_1_72' title='bbox 1764 1200 2056 1281; x_wconf 72' lang='grc' dir='ltr'>ἐνθέντες</span> <span class='ocrx_word' id='word_1_73' title='bbox 2081 1200 2501 1291; x_wconf 77' lang='grc' dir='ltr'><strong><em>θηρεύουσιν,</em></strong></span> <span class='ocrx_word' id='word_1_74' title='bbox 2548 1230 2672 1271; x_wconf 78' lang='grc' dir='ltr'>πε-</span> 
     </span>
     <span class='ocr_line' id='line_1_10' title="bbox 428 1296 2670 1394; baseline 0.003 -28"><span class='ocrx_word' id='word_1_75' title='bbox 428 1296 756 1386; x_wconf 73' lang='grc' dir='ltr'><strong><em>ριελόντες</em></strong></span> <span class='ocrx_word' id='word_1_76' title='bbox 790 1300 947 1380; x_wconf 75' lang='grc' dir='ltr'><em>τοὺς</em></span> <span class='ocrx_word' id='word_1_77' title='bbox 989 1300 1247 1383; x_wconf 77' lang='grc' dir='ltr'><em>λίθους,</em></span> <span class='ocrx_word' id='word_1_78' title='bbox 1292 1303 1505 1386; x_wconf 90' lang='lat' dir='ltr'>Polyb.</span> <span class='ocrx_word' id='word_1_79' title='bbox 1552 1305 1610 1370; x_wconf 93' lang='lat' dir='ltr'><strong>V</strong></span> <span class='ocrx_word' id='word_1_80' title='bbox 1654 1303 1755 1371; x_wconf 88' lang='lat'>66.</span> <span class='ocrx_word' id='word_1_81' title='bbox 1801 1304 1840 1371; x_wconf 91' lang='lat'><strong>3</strong></span> <span class='ocrx_word' id='word_1_82' title='bbox 1887 1302 2248 1373; x_wconf 80' lang='grc' dir='ltr'><strong><em>ἀπολιπών</em></strong></span> <span class='ocrx_word' id='word_1_83' title='bbox 2286 1345 2356 1355; x_wconf 90' lang='grc'>--</span> <span class='ocrx_word' id='word_1_84' title='bbox 2387 1306 2670 1394; x_wconf 77' lang='grc' dir='ltr'><strong><em>ἐπανῆλ-</em></strong></span> 
     </span>
     <span class='ocr_line' id='line_1_11' title="bbox 431 1403 2671 1495; baseline 0.003 -27"><span class='ocrx_word' id='word_1_85' title='bbox 431 1409 575 1486; x_wconf 73' lang='grc' dir='ltr'><strong><em>θεν,</em></strong></span> <span class='ocrx_word' id='word_1_86' title='bbox 644 1404 755 1470; x_wconf 79' lang='grc' dir='ltr'>καὶ</span> <span class='ocrx_word' id='word_1_87' title='bbox 801 1403 1340 1494; x_wconf 79' lang='grc' dir='ltr'><strong><em>παραγενόμενος</em></strong></span> <span class='ocrx_word' id='word_1_88' title='bbox 1386 1445 1458 1456; x_wconf 90' lang='lat'>-—-</span> <span class='ocrx_word' id='word_1_89' title='bbox 1514 1411 1822 1495; x_wconf 79' lang='grc' dir='ltr'><strong><em>διαφῆκε,</em></strong></span> <span class='ocrx_word' id='word_1_90' title='bbox 1889 1428 2054 1475; x_wconf 84' lang='lat' dir='ltr'>nune</span> <span class='ocrx_word' id='word_1_91' title='bbox 2099 1411 2358 1476; x_wconf 83' lang='lat' dir='ltr'>omissa:</span> <span class='ocrx_word' id='word_1_92' title='bbox 2425 1414 2671 1489; x_wconf 64' lang='grc' dir='ltr'>κλοπτῗς</span> 
     </span>
     <span class='ocr_line' id='line_1_12' title="bbox 427 1499 2670 1597; baseline 0.003 -25"><span class='ocrx_word' id='word_1_93' title='bbox 427 1505 552 1594; x_wconf 83' lang='grc' dir='ltr'>γὰρ</span> <span class='ocrx_word' id='word_1_94' title='bbox 598 1499 862 1588; x_wconf 66' lang='grc' dir='ltr'><strong><em>εὔθυνε,</em></strong></span> <span class='ocrx_word' id='word_1_95' title='bbox 908 1508 1019 1574; x_wconf 80' lang='grc' dir='ltr'>καὶ</span> <span class='ocrx_word' id='word_1_96' title='bbox 1068 1502 1313 1597; x_wconf 73' lang='grc' dir='ltr'><em>ἀπῄτει</em></span> <span class='ocrx_word' id='word_1_97' title='bbox 1357 1510 1479 1575; x_wconf 85' lang='grc' dir='ltr'><strong>Ι)10</strong></span> <span class='ocrx_word' id='word_1_98' title='bbox 1524 1510 1698 1578; x_wconf 83' lang='lat' dir='ltr'>CaSS.</span> <span class='ocrx_word' id='word_1_99' title='bbox 1744 1512 2051 1578; x_wconf 89' lang='lat' dir='ltr'><strong>XXXVII</strong></span> <span class='ocrx_word' id='word_1_100' title='bbox 2089 1511 2191 1594; x_wconf 83' lang='grc'>44,</span> <span class='ocrx_word' id='word_1_101' title='bbox 2259 1508 2670 1595; x_wconf 76' lang='grc' dir='ltr'><strong><em>ἀνεστέναξε,</em></strong></span> 
     </span>
     <span class='ocr_line' id='line_1_13' title="bbox 430 1608 2671 1700; baseline 0.004 -26"><span class='ocrx_word' id='word_1_102' title='bbox 430 1610 542 1677; x_wconf 80' lang='grc' dir='ltr'>καὶ</span> <span class='ocrx_word' id='word_1_103' title='bbox 587 1608 1014 1700; x_wconf 77' lang='grc' dir='ltr'><strong><em>κατωὸύρατο</em></strong></span> <span class='ocrx_word' id='word_1_104' title='bbox 1061 1612 1181 1678; x_wconf 86' lang='lat' dir='ltr'>LII</span> <span class='ocrx_word' id='word_1_105' title='bbox 1225 1614 1265 1678; x_wconf 81' lang='lat'>2</span> <span class='ocrx_word' id='word_1_106' title='bbox 1310 1615 1652 1696; x_wconf 81' lang='lat' dir='ltr'>multisque</span> <span class='ocrx_word' id='word_1_107' title='bbox 1697 1615 1837 1680; x_wconf 84' lang='lat' dir='ltr'>aliis</span> <span class='ocrx_word' id='word_1_108' title='bbox 1903 1617 1967 1680; x_wconf 89' lang='lat' dir='ltr'>in</span> <span class='ocrx_word' id='word_1_109' title='bbox 2033 1616 2204 1682; x_wconf 81' lang='lat' dir='ltr'>lociS.</span> <span class='ocrx_word' id='word_1_110' title='bbox 2290 1616 2425 1681; x_wconf 80' lang='lat' dir='ltr'>Nec</span> <span class='ocrx_word' id='word_1_111' title='bbox 2487 1614 2671 1682; x_wconf 79' lang='lat' dir='ltr'>facile</span> 
     </span>
     <span class='ocr_line' id='line_1_14' title="bbox 432 1715 2673 1801; baseline 0.002 -21"><span class='ocrx_word' id='word_1_112' title='bbox 432 1715 570 1795; x_wconf 89' lang='lat' dir='ltr'>erit,</span> <span class='ocrx_word' id='word_1_113' title='bbox 617 1717 726 1798; x_wconf 90' lang='lat' dir='ltr'>qui</span> <span class='ocrx_word' id='word_1_114' title='bbox 770 1735 840 1782; x_wconf 90' lang='lat' dir='ltr'>se</span> <span class='ocrx_word' id='word_1_115' title='bbox 884 1716 1072 1782; x_wconf 90' lang='lat' dir='ltr'>huius</span> <span class='ocrx_word' id='word_1_116' title='bbox 1120 1718 1585 1784; x_wconf 80' lang='lat' dir='ltr'>controversiae</span> <span class='ocrx_word' id='word_1_117' title='bbox 1631 1719 1940 1785; x_wconf 90' lang='lat' dir='ltr'>arbitrum</span> <span class='ocrx_word' id='word_1_118' title='bbox 1983 1720 2361 1801; x_wconf 86' lang='lat' dir='ltr'>interponat.</span> <span class='ocrx_word' id='word_1_119' title='bbox 2426 1720 2673 1786; x_wconf 86' lang='lat' dir='ltr'>Pendet</span> 
     </span>
     <span class='ocr_line' id='line_1_15' title="bbox 430 1818 2670 1906; baseline 0.003 -24"><span class='ocrx_word' id='word_1_120' title='bbox 430 1818 596 1883; x_wconf 89' lang='lat' dir='ltr'>enim</span> <span class='ocrx_word' id='word_1_121' title='bbox 640 1823 778 1884; x_wconf 92' lang='lat' dir='ltr'>tota</span> <span class='ocrx_word' id='word_1_122' title='bbox 819 1836 925 1884; x_wconf 91' lang='lat' dir='ltr'>res</span> <span class='ocrx_word' id='word_1_123' title='bbox 972 1837 1050 1883; x_wconf 86' lang='lat' dir='ltr'>ex</span> <span class='ocrx_word' id='word_1_124' title='bbox 1093 1824 1381 1886; x_wconf 89' lang='lat' dir='ltr'>tortuosa</span> <span class='ocrx_word' id='word_1_125' title='bbox 1423 1821 1535 1886; x_wconf 90' lang='lat' dir='ltr'>illa</span> <span class='ocrx_word' id='word_1_126' title='bbox 1580 1822 1659 1887; x_wconf 90' lang='lat' dir='ltr'>de</span> <span class='ocrx_word' id='word_1_127' title='bbox 1703 1823 1896 1889; x_wconf 82' lang='lat' dir='ltr'>variis</span> <span class='ocrx_word' id='word_1_128' title='bbox 1942 1824 2515 1905; x_wconf 88' lang='lat' dir='ltr'>interpunctionum</span> <span class='ocrx_word' id='word_1_129' title='bbox 2558 1843 2670 1906; x_wconf 88' lang='lat' dir='ltr'>ge-</span> 
     </span>
    </p>
   </div>
   <div class='ocr_carea' id='block_1_3' title="bbox 312 1921 2672 2006">
    <p class='ocr_par' dir='ltr' id='par_1_3' title="bbox 312 1921 2672 2006">
     <span class='ocr_line' id='line_1_16' title="bbox 312 1921 2672 2006; baseline 0.004 -22"><span class='ocrx_word' id='word_1_130' title='bbox 312 1925 317 1935; x_wconf 88' lang='lat'><em>&#39;</em></span> <span class='ocrx_word' id='word_1_131' title='bbox 426 1921 683 1986; x_wconf 88' lang='lat' dir='ltr'>neribus</span> <span class='ocrx_word' id='word_1_132' title='bbox 728 1922 1114 2003; x_wconf 80' lang='lat' dir='ltr'>quaestione,</span> <span class='ocrx_word' id='word_1_133' title='bbox 1182 1941 1362 2004; x_wconf 90' lang='lat' dir='ltr'>quae,</span> <span class='ocrx_word' id='word_1_134' title='bbox 1430 1933 1738 2005; x_wconf 88' lang='lat' dir='ltr'>quantum</span> <span class='ocrx_word' id='word_1_135' title='bbox 1782 1924 1864 1990; x_wconf 89' lang='lat' dir='ltr'>ad</span> <span class='ocrx_word' id='word_1_136' title='bbox 1908 1926 2256 1992; x_wconf 89' lang='lat' dir='ltr'>Homerum</span> <span class='ocrx_word' id='word_1_137' title='bbox 2319 1927 2562 2006; x_wconf 82' lang='lat' dir='ltr'>attinet,</span> <span class='ocrx_word' id='word_1_138' title='bbox 2627 1946 2672 1993; x_wconf 87' lang='lat' dir='ltr'>a</span> 
     </span>
    </p>
   </div>
   <div class='ocr_carea' id='block_1_4' title="bbox 363 2022 2673 4384">
    <p class='ocr_par' dir='ltr' id='par_1_4' title="bbox 363 2022 2673 3146">
     <span class='ocr_line' id='line_1_17' title="bbox 428 2022 2673 2112; baseline 0.004 -24"><span class='ocrx_word' id='word_1_139' title='bbox 428 2022 757 2105; x_wconf 88' lang='lat' dir='ltr'>Nicanore,</span> <span class='ocrx_word' id='word_1_140' title='bbox 802 2026 1096 2093; x_wconf 88' lang='lat' dir='ltr'>universe</span> <span class='ocrx_word' id='word_1_141' title='bbox 1140 2043 1179 2089; x_wconf 87' lang='lat' dir='ltr'>a</span> <span class='ocrx_word' id='word_1_142' title='bbox 1221 2025 1546 2107; x_wconf 86' lang='lat' dir='ltr'>Diomede,</span> <span class='ocrx_word' id='word_1_143' title='bbox 1599 2027 1877 2093; x_wconf 86' lang='lat' dir='ltr'>breviter</span> <span class='ocrx_word' id='word_1_144' title='bbox 1920 2029 2312 2110; x_wconf 88' lang='lat' dir='ltr'>strictimque</span> <span class='ocrx_word' id='word_1_145' title='bbox 2354 2030 2422 2093; x_wconf 89' lang='lat' dir='ltr'>in</span> <span class='ocrx_word' id='word_1_146' title='bbox 2466 2029 2673 2112; x_wconf 79' lang='lat' dir='ltr'>Sergii</span> 
     </span>
     <span class='ocr_line' id='line_1_18' title="bbox 432 2127 2671 2211; baseline 0.002 -19"><span class='ocrx_word' id='word_1_147' title='bbox 432 2131 760 2193; x_wconf 88' lang='lat' dir='ltr'>comment.</span> <span class='ocrx_word' id='word_1_148' title='bbox 804 2128 868 2192; x_wconf 93' lang='lat' dir='ltr'>in</span> <span class='ocrx_word' id='word_1_149' title='bbox 914 2127 1050 2193; x_wconf 90' lang='lat' dir='ltr'>Art.</span> <span class='ocrx_word' id='word_1_150' title='bbox 1096 2127 1331 2194; x_wconf 88' lang='lat' dir='ltr'>Donati</span> <span class='ocrx_word' id='word_1_151' title='bbox 1374 2128 1500 2194; x_wconf 80' lang='lat'>487</span> <span class='ocrx_word' id='word_1_152' title='bbox 1547 2148 1638 2211; x_wconf 92' lang='lat' dir='ltr'>sq.</span> <span class='ocrx_word' id='word_1_153' title='bbox 1683 2135 1973 2211; x_wconf 88' lang='lat' dir='ltr'>tractata,</span> <span class='ocrx_word' id='word_1_154' title='bbox 2021 2132 2133 2196; x_wconf 91' lang='lat' dir='ltr'>sed</span> <span class='ocrx_word' id='word_1_155' title='bbox 2176 2149 2319 2196; x_wconf 91' lang='lat' dir='ltr'>cum</span> <span class='ocrx_word' id='word_1_156' title='bbox 2361 2132 2528 2196; x_wconf 88' lang='lat' dir='ltr'>omni</span> <span class='ocrx_word' id='word_1_157' title='bbox 2572 2132 2671 2197; x_wconf 91' lang='lat' dir='ltr'>di-</span> 
     </span>
     <span class='ocr_line' id='line_1_19' title="bbox 428 2231 2671 2318; baseline 0.002 -22"><span class='ocrx_word' id='word_1_158' title='bbox 428 2231 611 2297; x_wconf 85' lang='lat' dir='ltr'>cendi</span> <span class='ocrx_word' id='word_1_159' title='bbox 654 2236 721 2297; x_wconf 89' lang='lat' dir='ltr'>et</span> <span class='ocrx_word' id='word_1_160' title='bbox 764 2232 1081 2314; x_wconf 87' lang='lat' dir='ltr'>cogitandi</span> <span class='ocrx_word' id='word_1_161' title='bbox 1101 2232 1348 2298; x_wconf 90' lang='lat' dir='ltr'>ratione</span> <span class='ocrx_word' id='word_1_162' title='bbox 1391 2234 1485 2298; x_wconf 89' lang='lat' dir='ltr'>ita</span> <span class='ocrx_word' id='word_1_163' title='bbox 1529 2235 1656 2300; x_wconf 89' lang='lat' dir='ltr'>alte</span> <span class='ocrx_word' id='word_1_164' title='bbox 1678 2235 1982 2318; x_wconf 85' lang='lat' dir='ltr'>implicita</span> <span class='ocrx_word' id='word_1_165' title='bbox 2026 2239 2142 2316; x_wconf 86' lang='lat' dir='ltr'>est,</span> <span class='ocrx_word' id='word_1_166' title='bbox 2185 2241 2260 2301; x_wconf 91' lang='lat' dir='ltr'>ut</span> <span class='ocrx_word' id='word_1_167' title='bbox 2302 2235 2386 2302; x_wconf 86' lang='lat' dir='ltr'>ad</span> <span class='ocrx_word' id='word_1_168' title='bbox 2429 2240 2671 2301; x_wconf 84' lang='lat' dir='ltr'>certam</span> 
     </span>
     <span class='ocr_line' id='line_1_20' title="bbox 424 2332 2669 2421; baseline 0.001 -23"><span class='ocrx_word' id='word_1_169' title='bbox 424 2332 757 2400; x_wconf 84' lang='lat' dir='ltr'>formulam</span> <span class='ocrx_word' id='word_1_170' title='bbox 800 2337 1084 2402; x_wconf 88' lang='lat' dir='ltr'>revocari</span> <span class='ocrx_word' id='word_1_171' title='bbox 1126 2355 1252 2402; x_wconf 90' lang='lat' dir='ltr'>non</span> <span class='ocrx_word' id='word_1_172' title='bbox 1294 2337 1514 2419; x_wconf 83' lang='lat' dir='ltr'>possit.</span> <span class='ocrx_word' id='word_1_173' title='bbox 1593 2338 1848 2404; x_wconf 88' lang='lat' dir='ltr'>Etenim</span> <span class='ocrx_word' id='word_1_174' title='bbox 1890 2338 2125 2421; x_wconf 88' lang='lat' dir='ltr'>gradus</span> <span class='ocrx_word' id='word_1_175' title='bbox 2167 2337 2669 2419; x_wconf 86' lang='lat' dir='ltr'>necessitudinis,</span> 
     </span>
     <span class='ocr_line' id='line_1_21' title="bbox 427 2438 2666 2525; baseline 0.003 -23"><span class='ocrx_word' id='word_1_176' title='bbox 427 2455 589 2520; x_wconf 90' lang='lat' dir='ltr'>quae</span> <span class='ocrx_word' id='word_1_177' title='bbox 633 2438 800 2505; x_wconf 88' lang='lat' dir='ltr'>inter</span> <span class='ocrx_word' id='word_1_178' title='bbox 842 2445 1059 2523; x_wconf 88' lang='lat' dir='ltr'>partes</span> <span class='ocrx_word' id='word_1_179' title='bbox 1104 2446 1171 2507; x_wconf 92' lang='lat' dir='ltr'>et</span> <span class='ocrx_word' id='word_1_180' title='bbox 1214 2441 1396 2524; x_wconf 88' lang='lat' dir='ltr'>quasi</span> <span class='ocrx_word' id='word_1_181' title='bbox 1440 2440 1725 2508; x_wconf 88' lang='lat' dir='ltr'>membra</span> <span class='ocrx_word' id='word_1_182' title='bbox 1768 2442 2070 2525; x_wconf 88' lang='lat' dir='ltr'>cuiusque</span> <span class='ocrx_word' id='word_1_183' title='bbox 2116 2442 2425 2508; x_wconf 86' lang='lat' dir='ltr'>enuntiati</span> <span class='ocrx_word' id='word_1_184' title='bbox 2468 2442 2666 2508; x_wconf 89' lang='lat' dir='ltr'>inter-</span> 
     </span>
     <span class='ocr_line' id='line_1_22' title="bbox 425 2541 2668 2626; baseline 0.003 -20"><span class='ocrx_word' id='word_1_185' title='bbox 425 2541 607 2623; x_wconf 89' lang='lat' dir='ltr'>cedit,</span> <span class='ocrx_word' id='word_1_186' title='bbox 671 2543 888 2624; x_wconf 89' lang='lat' dir='ltr'>plures</span> <span class='ocrx_word' id='word_1_187' title='bbox 931 2549 1081 2610; x_wconf 91' lang='lat' dir='ltr'>sunt</span> <span class='ocrx_word' id='word_1_188' title='bbox 1124 2550 1190 2611; x_wconf 85' lang='lat' dir='ltr'>et</span> <span class='ocrx_word' id='word_1_189' title='bbox 1233 2546 1487 2611; x_wconf 85' lang='lat' dir='ltr'>diversa</span> <span class='ocrx_word' id='word_1_190' title='bbox 1527 2564 1643 2626; x_wconf 88' lang='lat' dir='ltr'>pro</span> <span class='ocrx_word' id='word_1_191' title='bbox 1688 2563 1878 2611; x_wconf 90' lang='lat' dir='ltr'>sensu</span> <span class='ocrx_word' id='word_1_192' title='bbox 1921 2544 2252 2610; x_wconf 88' lang='lat' dir='ltr'>scribentis</span> <span class='ocrx_word' id='word_1_193' title='bbox 2316 2546 2668 2626; x_wconf 82' lang='lat' dir='ltr'>intervalla,</span> 
     </span>
     <span class='ocr_line' id='line_1_23' title="bbox 425 2644 2668 2732; baseline 0.001 -21"><span class='ocrx_word' id='word_1_194' title='bbox 425 2644 652 2726; x_wconf 86' lang='lat' dir='ltr'>quibus</span> <span class='ocrx_word' id='word_1_195' title='bbox 697 2647 1157 2731; x_wconf 85' lang='lat' dir='ltr'>distinguendis</span> <span class='ocrx_word' id='word_1_196' title='bbox 1199 2668 1403 2732; x_wconf 89' lang='lat' dir='ltr'>neque</span> <span class='ocrx_word' id='word_1_197' title='bbox 1446 2653 1581 2715; x_wconf 90' lang='lat' dir='ltr'>tres</span> <span class='ocrx_word' id='word_1_198' title='bbox 1625 2653 1973 2731; x_wconf 87' lang='lat' dir='ltr'>quatuorve</span> <span class='ocrx_word' id='word_1_199' title='bbox 2017 2652 2205 2713; x_wconf 86' lang='lat' dir='ltr'>notae</span> <span class='ocrx_word' id='word_1_200' title='bbox 2219 2698 2236 2727; x_wconf 94' lang='lat'>,</span> <span class='ocrx_word' id='word_1_201' title='bbox 2280 2649 2511 2731; x_wconf 89' lang='lat' dir='ltr'>quibus</span> <span class='ocrx_word' id='word_1_202' title='bbox 2553 2648 2668 2714; x_wconf 90' lang='lat' dir='ltr'>ho-</span> 
     </span>
     <span class='ocr_line' id='line_1_24' title="bbox 427 2749 2667 2834; baseline 0.002 -21"><span class='ocrx_word' id='word_1_203' title='bbox 427 2749 528 2814; x_wconf 88' lang='lat' dir='ltr'>die</span> <span class='ocrx_word' id='word_1_204' title='bbox 572 2751 827 2833; x_wconf 90' lang='lat' dir='ltr'>utimur,</span> <span class='ocrx_word' id='word_1_205' title='bbox 871 2770 1076 2833; x_wconf 89' lang='lat' dir='ltr'>neque</span> <span class='ocrx_word' id='word_1_206' title='bbox 1100 2753 1566 2834; x_wconf 89' lang='lat' dir='ltr'>complusculae</span> <span class='ocrx_word' id='word_1_207' title='bbox 1609 2753 1773 2833; x_wconf 90' lang='lat' dir='ltr'>illae,</span> <span class='ocrx_word' id='word_1_208' title='bbox 1819 2750 2048 2833; x_wconf 90' lang='lat' dir='ltr'>quibus</span> <span class='ocrx_word' id='word_1_209' title='bbox 2079 2751 2478 2833; x_wconf 81' lang='lat' dir='ltr'>antiquorum</span> <span class='ocrx_word' id='word_1_210' title='bbox 2510 2769 2667 2817; x_wconf 87' lang='lat' dir='ltr'>non-</span> 
     </span>
     <span class='ocr_line' id='line_1_25' title="bbox 425 2853 2667 2937; baseline 0.001 -19"><span class='ocrx_word' id='word_1_211' title='bbox 425 2854 607 2934; x_wconf 90' lang='lat' dir='ltr'>nulli,</span> <span class='ocrx_word' id='word_1_212' title='bbox 675 2855 907 2937; x_wconf 88' lang='lat' dir='ltr'>ubique</span> <span class='ocrx_word' id='word_1_213' title='bbox 974 2854 1332 2922; x_wconf 79' lang='lat' dir='ltr'>sufficiunt.‘</span> <span class='ocrx_word' id='word_1_214' title='bbox 1400 2855 1478 2922; x_wconf 91' lang='lat' dir='ltr'>Id</span> <span class='ocrx_word' id='word_1_215' title='bbox 1541 2856 1893 2937; x_wconf 88' lang='lat' dir='ltr'>perdiserte</span> <span class='ocrx_word' id='word_1_216' title='bbox 1959 2853 2258 2935; x_wconf 85' lang='lat' dir='ltr'>explicuit</span> <span class='ocrx_word' id='word_1_217' title='bbox 2297 2853 2667 2921; x_wconf 86' lang='lat' dir='ltr'>Friedlaen-</span> 
     </span>
     <span class='ocr_line' id='line_1_26' title="bbox 363 2954 2669 3044; baseline 0 -24"><span class='ocrx_word' id='word_1_218' title='bbox 363 2964 369 2970; x_wconf 87' lang='lat'>&#39;</span> <span class='ocrx_word' id='word_1_219' title='bbox 428 2955 636 3021; x_wconf 65' lang='lat' dir='ltr'>derus&#39;</span> <span class='ocrx_word' id='word_1_220' title='bbox 662 2957 744 3022; x_wconf 87' lang='lat' dir='ltr'>ad</span> <span class='ocrx_word' id='word_1_221' title='bbox 787 2957 1006 3024; x_wconf 89' lang='lat' dir='ltr'>Nican.</span> <span class='ocrx_word' id='word_1_222' title='bbox 1052 2958 1305 3024; x_wconf 88' lang='lat'>51—55</span> <span class='ocrx_word' id='word_1_223' title='bbox 1354 2978 1444 3042; x_wconf 86' lang='lat' dir='ltr'>sq.</span> <span class='ocrx_word' id='word_1_224' title='bbox 1494 2959 1575 3044; x_wconf 87' lang='lat' dir='ltr'>[v.</span> <span class='ocrx_word' id='word_1_225' title='bbox 1604 2958 1942 3044; x_wconf 74' lang='lat' dir='ltr'>Epiloqum</span> <span class='ocrx_word' id='word_1_226' title='bbox 1989 2954 2064 3019; x_wconf 84' lang='lat' dir='ltr'>de</span> <span class='ocrx_word' id='word_1_227' title='bbox 2107 2957 2480 3043; x_wconf 73' lang='lat' dir='ltr'>interpunct.</span> <span class='ocrx_word' id='word_1_228' title='bbox 2528 2979 2669 3021; x_wconf 72' lang='lat' dir='ltr'>oum</span> 
     </span>
     <span class='ocr_line' id='line_1_27' title="bbox 427 3058 1581 3146; baseline 0.003 -25"><span class='ocrx_word' id='word_1_229' title='bbox 427 3058 651 3122; x_wconf 76' lang='lat' dir='ltr'>enclisi</span> <span class='ocrx_word' id='word_1_230' title='bbox 688 3071 745 3122; x_wconf 73' lang='lat' dir='ltr'>et</span> <span class='ocrx_word' id='word_1_231' title='bbox 787 3060 1159 3146; x_wconf 69' lang='lat' dir='ltr'>synaloephe</span> <span class='ocrx_word' id='word_1_232' title='bbox 1203 3062 1581 3144; x_wconf 59' lang='lat' dir='ltr'>coniuncta]</span> 
     </span>
    </p>

    <p class='ocr_par' dir='ltr' id='par_1_5' title="bbox 419 3162 2672 4384">
     <span class='ocr_line' id='line_1_28' title="bbox 599 3162 2670 3247; baseline 0.001 -19"><span class='ocrx_word' id='word_1_233' title='bbox 599 3164 654 3247; x_wconf 64' lang='grc' dir='ltr'>ς.</span> <span class='ocrx_word' id='word_1_234' title='bbox 699 3162 757 3229; x_wconf 88' lang='grc'>9.</span> <span class='ocrx_word' id='word_1_235' title='bbox 854 3165 966 3229; x_wconf 88' lang='lat' dir='ltr'>His</span> <span class='ocrx_word' id='word_1_236' title='bbox 1010 3166 1256 3247; x_wconf 85' lang='lat' dir='ltr'>paginis</span> <span class='ocrx_word' id='word_1_237' title='bbox 1301 3167 1700 3232; x_wconf 89' lang='lat' dir='ltr'>continentur</span> <span class='ocrx_word' id='word_1_238' title='bbox 1743 3164 2030 3245; x_wconf 85' lang='lat' dir='ltr'>exempla</span> <span class='ocrx_word' id='word_1_239' title='bbox 2066 3163 2288 3229; x_wconf 88' lang='lat' dir='ltr'>literae</span> <span class='ocrx_word' id='word_1_240' title='bbox 2312 3164 2670 3245; x_wconf 84' lang='lat' dir='ltr'>expletivae</span> 
     </span>
     <span class='ocr_line' id='line_1_29' title="bbox 424 3266 2669 3351; baseline 0 -18"><span class='ocrx_word' id='word_1_241' title='bbox 424 3266 722 3335; x_wconf 88' lang='lat' dir='ltr'>clausulis</span> <span class='ocrx_word' id='word_1_242' title='bbox 746 3267 1085 3351; x_wconf 89' lang='lat' dir='ltr'>subiectae,</span> <span class='ocrx_word' id='word_1_243' title='bbox 1131 3270 1402 3350; x_wconf 90' lang='lat' dir='ltr'>primum</span> <span class='ocrx_word' id='word_1_244' title='bbox 1423 3270 1746 3348; x_wconf 89' lang='lat' dir='ltr'>librorum,</span> <span class='ocrx_word' id='word_1_245' title='bbox 1791 3272 1929 3333; x_wconf 92' lang='lat' dir='ltr'>tum</span> <span class='ocrx_word' id='word_1_246' title='bbox 1951 3267 2248 3348; x_wconf 88' lang='lat' dir='ltr'>capitum,</span> <span class='ocrx_word' id='word_1_247' title='bbox 2292 3272 2429 3333; x_wconf 88' lang='lat' dir='ltr'>tum</span> <span class='ocrx_word' id='word_1_248' title='bbox 2473 3267 2669 3334; x_wconf 88' lang='lat' dir='ltr'>etiam</span> 
     </span>
     <span class='ocr_line' id='line_1_30' title="bbox 424 3371 2668 3456; baseline 0.001 -21"><span class='ocrx_word' id='word_1_249' title='bbox 424 3388 643 3436; x_wconf 89' lang='lat' dir='ltr'>earum</span> <span class='ocrx_word' id='word_1_250' title='bbox 687 3372 980 3452; x_wconf 86' lang='lat' dir='ltr'>partium,</span> <span class='ocrx_word' id='word_1_251' title='bbox 1026 3372 1268 3454; x_wconf 83' lang='lat' dir='ltr'>quibus.</span> <span class='ocrx_word' id='word_1_252' title='bbox 1301 3374 1585 3456; x_wconf 85' lang='lat' dir='ltr'>singulae</span> <span class='ocrx_word' id='word_1_253' title='bbox 1627 3371 1870 3454; x_wconf 88' lang='lat' dir='ltr'>periodi</span> <span class='ocrx_word' id='word_1_254' title='bbox 1913 3376 2243 3437; x_wconf 87' lang='lat' dir='ltr'>contextae</span> <span class='ocrx_word' id='word_1_255' title='bbox 2309 3376 2474 3450; x_wconf 84' lang='lat' dir='ltr'>sunt,</span> <span class='ocrx_word' id='word_1_256' title='bbox 2541 3388 2668 3453; x_wconf 86' lang='lat' dir='ltr'>quo</span> 
     </span>
     <span class='ocr_line' id='line_1_31' title="bbox 423 3457 2666 3558; baseline 0.001 -20"><span class='ocrx_word' id='word_1_257' title='bbox 423 3457 745 3555; x_wconf 78' lang='lat' dir='ltr'>pertinent</span> <span class='ocrx_word' id='word_1_258' title='bbox 789 3481 1117 3556; x_wconf 86' lang='lat' dir='ltr'>commata,</span> <span class='ocrx_word' id='word_1_259' title='bbox 1166 3477 1303 3542; x_wconf 91' lang='lat' dir='ltr'>cola</span> <span class='ocrx_word' id='word_1_260' title='bbox 1345 3481 1659 3558; x_wconf 88' lang='lat' dir='ltr'>notaeque</span> <span class='ocrx_word' id='word_1_261' title='bbox 1692 3471 2213 3555; x_wconf 62' lang='lat' dir='ltr'>,interrogationis</span> <span class='ocrx_word' id='word_1_262' title='bbox 2258 3478 2329 3538; x_wconf 93' lang='lat' dir='ltr'>et</span> <span class='ocrx_word' id='word_1_263' title='bbox 2363 3474 2666 3540; x_wconf 85' lang='lat' dir='ltr'>interclu-</span> 
     </span>
     <span class='ocr_line' id='line_1_32' title="bbox 424 3575 2669 3660; baseline -0 -18"><span class='ocrx_word' id='word_1_264' title='bbox 424 3578 634 3643; x_wconf 88' lang='lat' dir='ltr'>sionis.</span> <span class='ocrx_word' id='word_1_265' title='bbox 727 3576 935 3644; x_wconf 87' lang='lat' dir='ltr'>Causa</span> <span class='ocrx_word' id='word_1_266' title='bbox 978 3578 1230 3660; x_wconf 87' lang='lat' dir='ltr'>quidem</span> <span class='ocrx_word' id='word_1_267' title='bbox 1285 3579 1472 3644; x_wconf 91' lang='lat' dir='ltr'>huius</span> <span class='ocrx_word' id='word_1_268' title='bbox 1541 3578 1942 3643; x_wconf 87' lang='lat' dir='ltr'>subiectionis</span> <span class='ocrx_word' id='word_1_269' title='bbox 2007 3595 2134 3642; x_wconf 88' lang='lat' dir='ltr'>una</span> <span class='ocrx_word' id='word_1_270' title='bbox 2200 3582 2314 3655; x_wconf 90' lang='lat' dir='ltr'>est,</span> <span class='ocrx_word' id='word_1_271' title='bbox 2384 3575 2499 3642; x_wconf 87' lang='lat' dir='ltr'>sed</span> <span class='ocrx_word' id='word_1_272' title='bbox 2539 3595 2669 3641; x_wconf 89' lang='lat' dir='ltr'>non</span> 
     </span>
     <span class='ocr_line' id='line_1_33' title="bbox 421 3678 2669 3764; baseline -0 -18"><span class='ocrx_word' id='word_1_273' title='bbox 421 3700 538 3764; x_wconf 89' lang='lat' dir='ltr'>par</span> <span class='ocrx_word' id='word_1_274' title='bbox 583 3681 894 3763; x_wconf 88' lang='lat' dir='ltr'>dignatio;</span> <span class='ocrx_word' id='word_1_275' title='bbox 939 3681 1280 3764; x_wconf 88' lang='lat' dir='ltr'>plurimum</span> <span class='ocrx_word' id='word_1_276' title='bbox 1326 3682 1720 3747; x_wconf 86' lang='lat' dir='ltr'>auctoritatis</span> <span class='ocrx_word' id='word_1_277' title='bbox 1764 3681 2188 3762; x_wconf 84' lang='lat' dir='ltr'>interpunctio</span> <span class='ocrx_word' id='word_1_278' title='bbox 2229 3678 2441 3759; x_wconf 85' lang='lat' dir='ltr'>habet,</span> <span class='ocrx_word' id='word_1_279' title='bbox 2502 3697 2669 3760; x_wconf 85' lang='lat' dir='ltr'>quae</span> 
     </span>
     <span class='ocr_line' id='line_1_34' title="bbox 424 3782 2669 3866; baseline -0.001 -16"><span class='ocrx_word' id='word_1_280' title='bbox 424 3785 654 3851; x_wconf 89' lang='lat' dir='ltr'>dicitur</span> <span class='ocrx_word' id='word_1_281' title='bbox 696 3786 988 3866; x_wconf 88' lang='lat' dir='ltr'>maxima,</span> <span class='ocrx_word' id='word_1_282' title='bbox 1034 3786 1240 3851; x_wconf 88' lang='lat' dir='ltr'>minus</span> <span class='ocrx_word' id='word_1_283' title='bbox 1263 3785 1490 3866; x_wconf 86' lang='lat' dir='ltr'>media,</span> <span class='ocrx_word' id='word_1_284' title='bbox 1535 3785 1862 3849; x_wconf 88' lang='lat' dir='ltr'>minimum</span> <span class='ocrx_word' id='word_1_285' title='bbox 1883 3784 2157 3849; x_wconf 90' lang='lat' dir='ltr'>minima.</span> <span class='ocrx_word' id='word_1_286' title='bbox 2244 3782 2422 3847; x_wconf 87' lang='lat' dir='ltr'>Nulli</span> <span class='ocrx_word' id='word_1_287' title='bbox 2451 3787 2669 3852; x_wconf 86' lang='lat' dir='ltr'>autem</span> 
     </span>
     <span class='ocr_line' id='line_1_35' title="bbox 421 3885 2668 3971; baseline -0 -20"><span class='ocrx_word' id='word_1_288' title='bbox 421 3906 505 3969; x_wconf 87' lang='lat' dir='ltr'>ny</span> <span class='ocrx_word' id='word_1_289' title='bbox 549 3892 680 3952; x_wconf 89' lang='lat' dir='ltr'>tam</span> <span class='ocrx_word' id='word_1_290' title='bbox 726 3886 983 3954; x_wconf 88' lang='lat' dir='ltr'>affixum</span> <span class='ocrx_word' id='word_1_291' title='bbox 1030 3893 1095 3953; x_wconf 92' lang='lat' dir='ltr'>et</span> <span class='ocrx_word' id='word_1_292' title='bbox 1135 3894 1512 3971; x_wconf 88' lang='lat' dir='ltr'>perpetuum</span> <span class='ocrx_word' id='word_1_293' title='bbox 1559 3892 1659 3952; x_wconf 88' lang='lat' dir='ltr'>est</span> <span class='ocrx_word' id='word_1_294' title='bbox 1701 3906 1892 3969; x_wconf 89' lang='lat' dir='ltr'>quam</span> <span class='ocrx_word' id='word_1_295' title='bbox 1937 3887 1990 3952; x_wconf 90' lang='lat' dir='ltr'>si</span> <span class='ocrx_word' id='word_1_296' title='bbox 2011 3885 2224 3952; x_wconf 91' lang='lat' dir='ltr'>hiatus</span> <span class='ocrx_word' id='word_1_297' title='bbox 2246 3886 2413 3952; x_wconf 88' lang='lat' dir='ltr'>inter</span> <span class='ocrx_word' id='word_1_298' title='bbox 2440 3904 2668 3952; x_wconf 88' lang='lat' dir='ltr'>versus</span> 
     </span>
     <span class='ocr_line' id='line_1_36' title="bbox 423 3988 2667 4072; baseline -0.001 -17"><span class='ocrx_word' id='word_1_299' title='bbox 423 3989 833 4056; x_wconf 88' lang='lat' dir='ltr'>cohaerentes</span> <span class='ocrx_word' id='word_1_300' title='bbox 879 3992 1109 4056; x_wconf 88' lang='lat' dir='ltr'>existit.</span> <span class='ocrx_word' id='word_1_301' title='bbox 1200 3990 1409 4069; x_wconf 83' lang='lat' dir='ltr'>Quare</span> <span class='ocrx_word' id='word_1_302' title='bbox 1451 3991 1571 4057; x_wconf 91' lang='lat' dir='ltr'>hoc</span> <span class='ocrx_word' id='word_1_303' title='bbox 1592 4008 1810 4072; x_wconf 75' lang='lat' dir='ltr'>genae,</span> <span class='ocrx_word' id='word_1_304' title='bbox 1855 3991 1921 4055; x_wconf 88' lang='lat' dir='ltr'>in</span> <span class='ocrx_word' id='word_1_305' title='bbox 1965 4007 2088 4071; x_wconf 92' lang='lat' dir='ltr'>quo</span> <span class='ocrx_word' id='word_1_306' title='bbox 2109 3989 2256 4053; x_wconf 91' lang='lat' dir='ltr'>libri</span> <span class='ocrx_word' id='word_1_307' title='bbox 2277 3989 2480 4054; x_wconf 87' lang='lat' dir='ltr'>nostri</span> <span class='ocrx_word' id='word_1_308' title='bbox 2502 3988 2667 4054; x_wconf 91' lang='lat' dir='ltr'>mul-</span> 
     </span>
     <span class='ocr_line' id='line_1_37' title="bbox 419 4089 2672 4175; baseline 0 -18"><span class='ocrx_word' id='word_1_309' title='bbox 419 4089 696 4157; x_wconf 85' lang='lat' dir='ltr'>tifariam</span> <span class='ocrx_word' id='word_1_310' title='bbox 719 4092 1096 4175; x_wconf 87' lang='lat' dir='ltr'>discrepant,</span> <span class='ocrx_word' id='word_1_311' title='bbox 1120 4092 1526 4159; x_wconf 87' lang='lat' dir='ltr'>arbitrarium</span> <span class='ocrx_word' id='word_1_312' title='bbox 1547 4093 1780 4159; x_wconf 87' lang='lat' dir='ltr'>vocavi.</span> <span class='ocrx_word' id='word_1_313' title='bbox 1852 4093 1904 4157; x_wconf 88' lang='lat' dir='ltr'>T</span> <span class='ocrx_word' id='word_1_314' title='bbox 1921 4092 2381 4159; x_wconf 88' lang='lat' dir='ltr'>emerarium</span> <span class='ocrx_word' id='word_1_315' title='bbox 2426 4092 2583 4173; x_wconf 88' lang='lat' dir='ltr'>dico,</span> <span class='ocrx_word' id='word_1_316' title='bbox 2610 4093 2672 4160; x_wconf 88' lang='lat' dir='ltr'>si</span> 
     </span>
     <span class='ocr_line' id='line_1_38' title="bbox 422 4194 2666 4280; baseline 0.001 -20"><span class='ocrx_word' id='word_1_317' title='bbox 422 4214 505 4277; x_wconf 87' lang='lat' dir='ltr'>ny</span> <span class='ocrx_word' id='word_1_318' title='bbox 546 4194 867 4262; x_wconf 86' lang='lat' dir='ltr'>vocabulis</span> <span class='ocrx_word' id='word_1_319' title='bbox 911 4198 1086 4262; x_wconf 91' lang='lat' dir='ltr'>nulla</span> <span class='ocrx_word' id='word_1_320' title='bbox 1127 4196 1633 4280; x_wconf 88' lang='lat' dir='ltr'>interpunctione</span> <span class='ocrx_word' id='word_1_321' title='bbox 1679 4196 1963 4262; x_wconf 90' lang='lat' dir='ltr'>diremtis</span> <span class='ocrx_word' id='word_1_322' title='bbox 2009 4201 2156 4261; x_wconf 89' lang='lat' dir='ltr'>ante</span> <span class='ocrx_word' id='word_1_323' title='bbox 2194 4213 2529 4262; x_wconf 85' lang='lat' dir='ltr'>consonam</span> <span class='ocrx_word' id='word_1_324' title='bbox 2554 4196 2666 4262; x_wconf 89' lang='lat' dir='ltr'>ad-</span> 
     </span>
     <span class='ocr_line' id='line_1_39' title="bbox 424 4298 2670 4384; baseline 0.004 -22"><span class='ocrx_word' id='word_1_325' title='bbox 424 4298 612 4379; x_wconf 89' lang='lat' dir='ltr'>ditur,</span> <span class='ocrx_word' id='word_1_326' title='bbox 658 4317 820 4381; x_wconf 90' lang='lat' dir='ltr'>quae</span> <span class='ocrx_word' id='word_1_327' title='bbox 866 4301 1181 4384; x_wconf 83' lang='lat' dir='ltr'>scriptura</span> <span class='ocrx_word' id='word_1_328' title='bbox 1224 4319 1298 4367; x_wconf 91' lang='lat' dir='ltr'>eo</span> <span class='ocrx_word' id='word_1_329' title='bbox 1320 4301 1626 4368; x_wconf 88' lang='lat' dir='ltr'>minorem</span> <span class='ocrx_word' id='word_1_330' title='bbox 1657 4298 1847 4366; x_wconf 86' lang='lat' dir='ltr'>fidem</span> <span class='ocrx_word' id='word_1_331' title='bbox 1872 4299 2083 4381; x_wconf 89' lang='lat' dir='ltr'>habet,</span> <span class='ocrx_word' id='word_1_332' title='bbox 2129 4298 2296 4384; x_wconf 88' lang='lat' dir='ltr'>quod</span> <span class='ocrx_word' id='word_1_333' title='bbox 2315 4298 2485 4366; x_wconf 87' lang='lat' dir='ltr'>idem</span> <span class='ocrx_word' id='word_1_334' title='bbox 2531 4298 2670 4371; x_wconf 75' lang='lat' dir='ltr'>sine</span> 
     </span>
    </p>
   </div>
   <div class='ocr_carea' id='block_1_5' title="bbox 2922 1129 2928 2183">
    <p class='ocr_par' dir='ltr' id='par_1_6' title="bbox 2922 1129 2928 2183">
     <span class='ocr_line' id='line_1_40' title="bbox 2922 1129 2928 2183; baseline 0 0"><span class='ocrx_word' id='word_1_335' title='bbox 2922 1129 2928 2183; x_wconf 95' lang='lat' dir='ltr'> </span> 
     </span>
    </p>
   </div>
   <div class='ocr_carea' id='block_1_6' title="bbox 2919 3302 2930 4890">
    <p class='ocr_par' dir='ltr' id='par_1_7' title="bbox 2919 3302 2930 4890">
     <span class='ocr_line' id='line_1_41' title="bbox 2919 3302 2930 4890; baseline 0 0"><span class='ocrx_word' id='word_1_336' title='bbox 2919 3302 2930 4890; x_wconf 95' lang='lat' dir='ltr'> </span> 
     </span>
    </p>
   </div>
  </div>
 </body>
</html>
