2946 4928
384 349 470 418 70
1139 346 1698 445 DISSERTATIO
1764 347 1873 416 VI.

382 533 578 582 unum
623 511 694 581 αἱ
737 515 942 603 γραῦς
985 513 1412 580 Buttmannus
1456 529 1706 596 quoque
1749 512 1804 600 ἓ.
1825 513 1930 579 50.
1976 512 2019 579 4
2062 503 2453 581 conti-actum
2482 518 2629 582 csse

379 623 595 703 putat;
662 617 777 683 sed
832 617 936 683 hic
999 616 1440 699 nominativus
1507 634 1696 700 quem
1760 617 2098 684 Atticistae
2151 619 2473 699 reficiunt,
2541 617 2626 684 ad

384 739 601 788 casum
643 720 919 803 primum
959 716 1233 785 reflexus
1275 720 1544 801 videtur,
1590 721 1769 787 cuius
1790 721 1990 787 vocali
2020 720 2350 804 principali
2377 721 2626 804 ypsilon

381 839 525 890 sese
590 822 897 906 applicuit
960 822 1127 887 sicut
1187 841 1312 887 vau
1383 824 1449 888 in
1514 823 1743 889 Latino
1807 845 2003 888 ravus
2013 871 2032 906 ‚
2095 824 2519 910 gravastellus
2541 824 2622 907 *)’.

379 926 672 994 Alterum
736 944 778 990 a
840 928 1058 991 nostro
1101 925 1423 1007 proposito
1468 925 1771 993 abhorret
1813 946 1905 1008 00,
1972 927 2140 1009 quod
2183 931 2335 1006 νᾶες
2350 976 2369 1008 ,
2435 926 2622 995 νάεσι

377 1048 504 1096 non
562 1029 847 1096 eiusdem
892 1027 1146 1094 dialecti
1191 1034 1340 1094 sunt
1362 1033 1574 1111 ,atque
1621 1025 1691 1095 αἱ
1735 1032 1917 1109 ναῦς,
1963 1033 2108 1108 ταῖς
2152 1026 2361 1096 ναυσί.
2378 1066 2452 1077 --
2480 1030 2626 1096 Duo

380 1133 603 1213 verba,
672 1149 835 1214 quac
897 1131 999 1197 his
1061 1130 1331 1198 similem
1374 1132 1653 1214 speciem
1694 1137 1951 1214 gerunt,
2016 1137 2303 1198 veterum
2366 1132 2627 1214 quidam

381 1235 724 1318 duplicitur
766 1228 996 1301 affecta
1039 1238 1180 1300 csse
1225 1235 1645 1301 constituunt:
1682 1229 2093 1324 ‘qudaavog
2136 1234 2313 1320 λέγει
2336 1238 2456 1302 τοῦ
2479 1229 2625 1302 oiim

381 1333 609 1421 (ἶαύω)
677 1332 712 1403 ὅ
760 1332 1076 1424 ἀόριστος
1119 1330 1294 1406 αὗσα
1340 1336 1452 1403 καὶ
1500 1332 1804 1405 διαλύσει
1849 1337 1957 1403 καὶ
2002 1342 2223 1426 τροπῇ
2268 1343 2386 1405 τοῦ
2431 1341 2476 1409 ὖ
2499 1362 2504 1366 ·
2531 1336 2626 1419 εἷς

384 1444 428 1512 ἶ
475 1433 642 1506 ἄεσα
687 1436 918 1527 ὥσπερ
963 1438 1077 1507 καὶ
1141 1438 1218 1506 τὸ
1265 1430 1533 1520 αὔξεται
1584 1435 1851 1521 ἀέξεται
1895 1440 2039 1507 ΕΜ.
2083 1438 2229 1507 464.
2276 1439 2377 1508 34.
2486 1442 2625 1510 Hoc

384 1544 440 1609 si
483 1559 627 1609 cum
654 1543 883 1618 Latino
929 1561 1125 1628 auqeo
1170 1546 1240 1607 et
1261 1541 1529 1609 Gothico
1573 1542 1745 1607 aulea
1774 1541 2171 1624 conferimus
2215 1544 2624 1628 principalius

380 1646 582 1712 videri
626 1646 834 1728 debet,
873 1663 1072 1728 ‘quam
1113 1638 1431 1728 poeticum
1467 1641 1666 1727 ἀέξω,
1712 1664 1835 1729 quo
1857 1647 2173 1713 Homerus
2216 1648 2417 1713 utitur
2460 1649 2623 1729 solo;

381 1766 498 1815 1100
541 1754 775 1830 tamen,
820 1751 994 1831 puto,
1037 1749 1355 1830 ignoravit
1396 1749 1697 1831 alterum,
1744 1751 1859 1817 sed
1900 1750 2191 1816 versibus
2234 1750 2368 1816 suis
2413 1752 2623 1833 aptius

380 1853 635 1936 reperit,
681 1869 811 1935 qua
849 1850 1097 1917 ratione
1118 1851 1437 1919 Hesiodus
1481 1853 1568 1919 ad
1590 1845 1823 1940 ηῗῖξετο
1846 1854 2205 1937 compulsus
2235 1859 2350 1919 est.
2368 1892 2440 1902 -
2455 1853 2623 1920 Gon-

379 1957 650 2022 trarium
716 1954 909 2022 schol.
954 1952 1133 2020 Pind.
1179 1953 1276 2020 01.
1320 1954 1448 2021 VII
1492 1954 1580 2021 70
1642 1955 1927 2023 decernit
1992 1956 2070 2022 de
2126 1957 2437 2024 adiectivo
2482 1961 2625 2023 cum

377 2056 575 2126 verbo
619 2056 963 2139 composito
1007 2052 1510 2146 φαυσίμβροτον
1554 2057 2075 2148 φαεσίμβροτον·
2121 2059 2196 2126 τὸ
2242 2063 2278 2132 ἓ
2315 2058 2429 2128 καὶ
2471 2060 2547 2126 τὸ
2580 2064 2627 2133 ’ἆ

380 2157 474 2241 εἷς
517 2159 633 2246 τὴν
678 2154 750 2230 ἆ
796 2160 1166 2247 δίφθογγον
1210 2151 1485 2228 συνεῖλε.
1574 2161 1837 2227 Poterat
1876 2162 2047 2227 idem
2068 2161 2385 2230 Homerus
2414 2162 2624 2231 facere

378 2270 583 2331 metro
626 2262 939 2343 incolumi,
991 2262 1107 2329 sed
1146 2264 1450 2345 praetulit
1479 2265 1768 2346 alterum,
1805 2267 1937 2331 ,etsi
1967 2266 2202 2354 φαέσω
2224 2285 2350 2332 11011
2374 2267 2622 2350 dicitur,

380 2366 496 2435 sed
540 2362 783 2456 φαύσω
828 2384 869 2431 a
908 2367 1237 2449 praesenti
1281 2365 1482 2457 φαῦω
1529 2364 1936 2456 (ἒπιφαύω),
1984 2370 2083 2437 oui
2129 2371 2177 2440 ἶῐ
2212 2374 2461 2442 mature
2503 2372 2621 2437 111-

272 2463 283 2469 “
380 2473 596 2540 crevit
683 2471 823 2538 Hoc
867 2474 1082 2537 autem
1126 2473 1183 2538 si
1224 2473 1319 2539 ita
1361 2491 1432 2539 se
1476 2472 1688 2553 habet,
1734 2472 2158 2556 diphthongus
2191 2474 2503 2540 dissoluta
2522 2481 2626 2544 ost

379 2594 507 2644 non
548 2593 728 2643 mera
771 2573 1016 2657 dialysi,
1062 2575 1177 2641 scd
1218 2576 1418 2642 mixta
1460 2594 1608 2643 cum
1647 2579 1845 2657 tropo,
1892 2576 2200 2658 quomodo
2220 2576 2622 2645 Herodianus

379 2681 421 2747 l.
468 2699 520 2747 c.
565 2698 644 2746 ex
688 2671 893 2746 αὗσαι
935 2679 1210 2762 primum
1256 2674 1495 2762 ἇῧσαι,
1541 2683 1680 2744 tum
1724 2673 1922 2747 ἀέσαι
1966 2677 2204 2746 factum
2247 2697 2390 2745 esse
2435 2681 2528 2746 ait
2583 2684 2627 2753 ῖ

379 2784 448 2850 111
487 2781 536 2854 ’ἐ
574 2785 873 2864 ,111111111ος
939 2781 1032 2849 sic
1076 2788 1367 2850 servatur
1406 2782 1659 2865 regula:
1726 2781 2144 2865 diphthongos
2184 2801 2313 2849 non
2354 2783 2422 2849 in
2463 2783 2622 2852 alias

378 2887 631 2954 vocales
675 2885 888 2952 dirimi
929 2902 1121 2968 quam
1161 2885 1331 2952 unde
1375 2885 1761 2968 compositae
1806 2889 1972 2950 sunt.
2082 2884 2380 2952 Ceterum
2421 2889 2624 2954 nostri

379 2989 738 3070 technologi
781 2987 1086 3055 aoristum
1132 2981 1325 3070 ἷίεσα,
1373 2983 1506 3056 ἇσα
1519 2989 1636 3055 ‘ad
1675 3006 1979 3071 praesens
2004 2984 2140 3057 ἇέω
2182 2987 2468 3056 referunt
2509 2991 2620 3056 ad·-

379 3092 585 3159 hibita
627 3090 880 3174 systole,
923 3110 981 3158 v.
1025 3091 1246 3159 Rhem.
1297 3090 1438 3157 191.
1478 3128 1550 3140 -
1600 3091 1703 3156 Ad
1745 3090 2061 3174 synizesin
2106 3096 2356 3175 spectat
2395 3094 2621 3175 geniti-

380 3212 498 3260 vus
544 3193 938 3277 spondanus
985 3195 1094 3277 qui
1133 3212 1390 3262 versum
1417 3194 1825 3261 Homericum
1868 3193 2113 3260 orditur
2154 3194 2227 3261 11.
2258 3196 2472 3263 XXIV
2495 3196 2621 3263 769

383 3297 638 3385 δαέρων
681 3291 728 3385 ἢ
770 3294 1049 3383 γαλόων.
1121 3297 1515 3383 Bisyllabum
1536 3296 1815 3362 Phaecam
1860 3302 2049 3363 antea
2093 3298 2482 3381 disputatum
2503 3305 2620 3367 est.

506 3400 633 3486 ’Ξῖ
678 3401 746 3466 111
784 3403 839 3488 ἦ
878 3403 1164 3468 mutatur
1205 3420 1332 3468 non
1378 3403 1583 3470 solum
1623 3401 1691 3467 in
1718 3392 1948 3467 Dorico
1993 3395 2194 3482 ἆδών,
2220 3397 2467 3482 ἀδονίς,
2507 3404 2622 3471 scd

379 3504 550 3574 idem
592 3503 732 3570 fiori
776 3505 1051 3571 sumitur
1091 3505 1160 3570 in
1202 3505 1450 3572 duabus
1473 3503 1851 3571 dictionibus
1875 3503 1958 3570 ad
2001 3521 2393 3571 communem
2432 3526 2622 3574 usum

382 3608 704 3703 espositiS.
794 3606 899 3675 Sic
965 3611 1139 3675 certe
1181 3608 1575 3693 Phrynichus
1618 3608 1686 3673 in
1728 3607 1891 3690 App.
1935 3608 2021 3674 22
2066 3603 2436 3692 ἆδολεσχεῖν
2481 3606 2620 3678 ἀπὸ

382 3715 502 3779 τοῦ
547 3707 712 3800 ἅδην
762 3747 834 3758 -
883 3707 932 3776 3>
973 3706 1111 3779 ἀπὸ
1156 3713 1278 3777 τοῦ
1335 3705 1601 3801 ἀηδοῦς·
1670 3707 1735 3777 οἱ
1799 3710 1927 3800 γὰρ
1954 3703 2177 3790 Ἴωνες
2217 3706 2335 3801 τήν
2379 3708 2623 3803 ἀηδίαν

381 3811 890 3902 συναλείφοντες
931 3809 1387 3900 τρισυλλάβως
1429 3811 1784 3903 γράφουσι·
1831 3814 1938 3882 διὸ
1972 3814 2083 3882 καὶ
2113 3813 2421 3905 ἐξετάθη.
2492 3817 2622 3884 No-

381 3918 570 3983 minis
616 3913 777 3984 ἅὸία
821 3918 1127 3984 memoria
1167 3935 1295 3984 non
1338 3923 1576 3999 exstat3
1644 3919 1761 3986 sed
1822 3919 1905 3985 (10
1946 3919 2140 3986 verbo
2206 3938 2622 4002 congermano

288 4038 293 4042 ·
379 4019 660 4101 loquitur
701 4016 893 4086 schol.
939 4019 1055 4087 Od.
1100 4020 1134 4087 1
1182 4019 1306 4089 134
1350 4018 1682 4113 ψιλωτέον
1724 4021 1800 4087 τὸ
1845 4017 2127 4109 ἀδήσειε*
2180 4019 2341 4088 ὅταν
2384 4021 2510 4110 γὰρ
2555 4021 2622 4089 ἐν

251 4176 255 4185 ,
383 4123 752 4210 συναλοιφῇ
799 4123 875 4189 τὸ
923 4119 1334 4209 φιλούμενον
1378 4122 1446 4191 ἐν
1492 4119 1660 4214 ἀρχῇ
1713 4128 1974 4214 φωνῆεν
2017 4120 2453 4213 ἐπικρατίσῃ,
2509 4123 2622 4192 καὶ

519 4343 580 4408 ³⁸)
614 4347 684 4413 cf.
711 4363 774 4416 ι).
808 4344 894 4403 43.
