2946 4928
1407 79 1448 92 ¹·-

493 308 620 375 272
1223 305 1782 374 DISSERTATIO
1837 306 2017 374 VIII.

492 471 717 537 ultima
749 482 943 557 parte
999 471 1279 556 loquelae
1346 482 1476 534 aut*
1500 470 1685 535 litera
1730 468 2081 534 detrahitur
2144 480 2215 534 ut
2257 466 2559 533 Achilli
2611 479 2701 532 aut

491 573 738 662 syllaba
794 586 864 638 ut
908 561 1123 637 ⁸{nocam
1168 572 1260 638 do
1286 575 1365 659 *).
1455 573 1639 640 Hanc
1680 573 1970 640 Donatus
2026 573 2092 639 in
2135 571 2419 638 ArteIII
2462 573 2507 639 5
2542 590 2700 654 para·

494 696 693 761 gogae
738 677 1119 743 contrariam
1163 696 1306 744 esse
1351 678 1531 758 dicit,
1599 676 1942 760 Gregorius
1987 675 2114 742 460
2157 675 2703 758 proschematismo.

493 779 783 863 Utroque
829 780 1119 847 subtilior
1164 780 1639 848 Choeroboscus
1685 779 1836 847 Can.
1882 776 2027 846 366.
2071 779 2156 845 30
2199 779 2361 845 duas
2405 778 2706 845 ablationis

497 884 741 967 species
788 885 920 951 suis
966 886 1269 953 discernit
1309 883 1694 964 nominibus,
1762 903 1954 950 unam
1998 882 2305 965 syllabae.
2383 879 2550 969 κάρα
2592 877 2706 948 ἀπὸ

494 991 615 1055 τοῦ
661 984 973 1077 κᾶρηνον,
1023 985 1192 1056 λίπα
1240 983 1377 1056 ἀπὸ
1425 991 1545 1054 τοῦ
1591 984 1910 1075 λιπαρόν,
1977 987 2242 1052 alteram
2285 985 2475 1052 unius
2518 986 2710 1050 literae

493 1093 741 1158 iactura
770 1091 1333 1173 circumscriptam.
1381 1084 1636 1179 ἔλειφα
1683 1086 1821 1157 ἀπὸ
1868 1092 1988 1155 τοῦ
2032 1072 2321 1176 ἄλειφαρ
2367 1083 2410 1177 ἢ
2441 1081 2710 1177 ἅλειφας

493 1198 779 1279 κρεῖττον
823 1188 939 1260 οὖν
984 1190 1276 1261 ἐνταῦθα
1323 1186 1669 1318 anossoziyuv
1715 1192 1944 1281 λέγειν,
1997 1191 2231 1277 ἐπειδὴ
2263 1190 2340 1258 τὸ
2367 1194 2713 1261 τελευταῖον

494 1294 851 1385 σύμφωνον
891 1291 1289 1385 ’(ῗπεβλήθη·
1336 1295 1402 1362 ἐν
1449 1295 1527 1364 δὲ
1571 1299 1650 1385 τῇ
1693 1290 2016 1387 αποκοπῇ
2058 1294 2326 1375 τελείως
2371 1291 2712 1362 ἀποκόπτε-

495 1425 609 1466 ται
653 1395 695 1486 ἡ
742 1396 1089 1467 τελευταία
1136 1398 1432 1486 συλλαβὴ
1493 1389 1636 1466 οἷον
1681 1402 1805 1474 δῶ,
1874 1403 2101 1466 κυκεῶ.
2189 1399 2368 1466 Haec
2423 1400 2492 1464 in
2536 1417 2714 1482 gram·

492 1503 865 1569 maticorum
910 1504 1164 1586 scriptis
1206 1523 1332 1569 non
1374 1521 1521 1569 raro
1565 1521 1837 1587 syncope
1860 1503 2235 1585 appellatur,
2281 1522 2338 1568 v.
2364 1502 2593 1568 Techn.
2613 1501 2716 1584 p.5

494 1606 653 1674 adn..
681 1605 740 1671 5.
796 1605 839 1671 J
840 1624 942 1671 am
989 1606 1044 1671 si
1088 1607 1260 1672 ultra
1304 1607 1613 1672 cancellos
1658 1605 1910 1672 scholae
1953 1606 2419 1689 progredimur,
2465 1607 2719 1689 proxime

493 1710 559 1774 111
603 1708 1011 1777 Aristotelem
1059 1695 1422 1791 incidimuS‚
1490 1711 1599 1793 qui
1656 1710 1723 1776 in
1764 1709 1939 1775 Poet.
1985 1708 2139 1774 XXI
2183 1710 2464 1776 omnium
2509 1709 2720 1792 primus

495 1813 705 1878 varias
749 1812 1197 1878 vocabulorum
1242 1832 1282 1879 a
1325 1818 1500 1880 recto
1546 1813 1994 1879 declinationes
2036 1811 2316 1877 breviter
2360 1816 2425 1878 et
2473 1829 2720 1877 summa·

494 1916 612 1982 tim
656 1916 1014 1982 delineavit.
1102 1916 1168 1981 Is
1215 1917 1410 1998 igitur
1452 1918 1577 1982 duo
1622 1934 1841 1982 eorum
1871 1934 2105 1997 genera
2150 1935 2237 1982 ex
2249 1916 2522 1983 adverso
2545 1914 2724 1998 posita

418 2092 427 2098 ,
495 2018 949 2101 complectitur,
996 2018 1072 2085 τὸ
1118 2017 1629 2104 ἓπεκτεταμένον
1673 2019 1783 2084 καὶ
1829 2017 1904 2084 τὸ
1952 2013 2415 2108 ἀφῃρημένον
2487 2019 2575 2085 τὸ
2607 2016 2722 2103 μὲν,

495 2118 611 2188 ἐὰν
657 2116 984 2210 φωνήεντι
1027 2121 1422 2211 μακροτέρῳ
1466 2122 1855 2210 κεχρημένος
1918 2111 1963 2209 ᾗ
2021 2125 2140 2187 τοῦ
2187 2118 2441 2189 οἰκείου
2501 2118 2546 2211 ἢ
2596 2122 2724 2188 συλ-

497 2224 675 2314 λαβῇ
718 2223 1174 2316 ἐμβεβλημένῃ
1239 2217 1382 2293 οἷον
1449 2219 1529 2292 zo*
1585 2221 1834 2303 πόλεος
1879 2220 2153 2313 πόληος,
2212 2221 2551 2313 Πηλείδου
2602 2228 2747 2311 Πην·

496 2323 818 2416 ληΐάδεω·
864 2329 937 2396 τὸ
984 2329 1076 2411 δὲ,
1126 2323 1243 2396 &civ
1287 2324 1710 2418 ἀφῃρημένον
1750 2319 1796 2416 ᾖ
1843 2352 1905 2393 τι
1938 2322 2144 2395 αὐτοῦ
2194 2317 2336 2394 οἷον
2380 2327 2459 2394 τὸ
2494 2332 2602 2415 κρῖ
2638 2324 2727 2391 καὶ

496 2428 573 2497 τὸ
621 2432 717 2498 δῶ
762 2429 871 2499 καὶ
916 2426 1038 2520 ὂψ.
1127 2430 1231 2500 Sic
1285 2436 1353 2499 et
1397 2432 1587 2499 schol.
1632 2431 1704 2498 11.
1750 2430 1781 2497 I
1832 2428 1954 2497 104
2015 2422 2172 2498 ὄσσε
2216 2430 2597 2513 aphaeresin
2635 2448 2726 2512 ap·

496 2534 711 2617 pellat,
756 2555 970 2602 veram
996 2543 1210 2604 autem
1233 2536 1610 2621 aphaeresin
1637 2529 1760 2619 ἦμί
1784 2535 1976 2622 schol.
2001 2533 2115 2601 Od.
2140 2534 2299 2599 VIII
2324 2534 2450 2609 ,186
2485 2532 2725 2619 (Anecd

496 2638 754 2704 Bachm.
802 2638 870 2704 T.
916 2640 1008 2706 IV
1056 2639 1207 2724 171)
1265 2658 1584 2723 apocopae
1640 2637 1893 2704 nomine
1938 2637 2164 2720 signat,
2252 2637 2432 2703 Philo
2482 2639 2729 2718 denique

499 2749 578 2807 de
622 2741 814 2825 Legg.
862 2740 1076 2826 Specc.
1121 2743 1154 2809 I
1202 2744 1328 2809 770
1370 2744 1490 2809 hoc
1534 2742 1618 2807 ad
1658 2741 1834 2806 illam
1853 2741 2221 2806 reticentiae
2246 2742 2523 2823 speciem
2546 2746 2732 2807 trans-

496 2843 654 2925 fert,
716 2863 843 2928 qua
883 2845 1167 2912 iurantes
1211 2866 1439 2913 nomen
1496 2845 1602 2910 dei
1645 2832 1894 2910 silentio
1938 2842 2406 2915 transmittunt:
2473 2844 2555 2931 νὴ
2611 2840 2728 2910 τόν,

497 2945 592 3029 μὰ
639 2942 769 3012 τόν.
858 2947 1029 3014 Vera
1073 2954 1287 3015 autem
1354 2953 1421 3016 et
1461 2947 1748 3030 legitima
1791 2946 2210 3028 appellatione
2266 2949 2474 3013 utitur
2521 2946 2730 3014 Strabo

498 3046 656 3112 VIII
700 3046 826 3113 364
870 3054 1011 3136 κρῖ,
1059 3053 1154 3119 δῶ
1211 3055 1278 3117 et
1322 3052 1448 3116 alia
1493 3050 1780 3132 exempla
1825 3067 2227 3130 coacervem,
2298 3069 2462 3141 quae
2508 3051 2610 3117 hic
2651 3049 2730 3115 di·

501 3150 792 3217 stinctius
858 3157 1137 3219 tractare
1192 3155 1589 3236 propositum
1633 3159 1748 3219 est.
1861 3152 1989 3218 Sed
2040 3154 2168 3219 iam
2218 3154 2519 3247 'exposito
2538 3205 2553 3235 ‚
2621 3171 2728 3236 quo

499 3270 721 3321 cursus
790 3256 1041 3337 tendat,
1107 3256 1265 3322 nihil
1332 3261 1458 3339 est,
1528 3257 1696 3340 quod
1760 3276 1876 3322 nos
1940 3258 2006 3322 in
2069 3256 2187 3323 hoc
2237 3257 2453 3323 limine
2509 3258 2730 3324 diutius

497 3358 788 3425 retineat.

1415 3671 1713 3754 Caput
1775 3671 1826 3738 Ῑ.

1155 3794 1274 3870 De
1326 3819 1659 3900 apocope
1701 3793 2091 3871 vocalium.

672 3925 708 4010 ἓ
737 3924 793 3992 1.
881 3926 979 3993 De
1019 3928 1331 3995 vocalium
1371 3930 1579 4012 prima
1621 3930 1852 3995 mirum
1908 3933 2024 4010 est,
2069 3928 2236 4011 quod
2271 3926 2724 3994 Choeroboscus

497 4029 697 4095 tradit
719 4028 870 4096 Can.
899 4030 1039 4097 183.
1061 4032 1121 4111 5,
1166 4035 1300 4098 πᾶν
1345 4024 1553 4116 ὄνομα
1574 4028 2070 4117 μονοσύλλαβον
2108 4032 2729 4145 μακροκαταληκτεῒν

635 4219 693 4287 *)
730 4219 958 4289 &yfen-ti
987 4238 1171 4275 nomen
1210 4240 1270 4274 m
1301 4222 1535 4291 mar-,qim
1569 4222 1883 4291 adm-iprum
1915 4232 2009 4288 eet,
2061 4225 2155 4292 qui
2176 4226 2362 4292 plures
2391 4220 2722 4293 yrammtioo·

497 4304 2241 4380 mumLoefinwumIocoeedzeqamqrammat.Lat.1§369
