2946 4928
420 350 527 450 (4
1186 350 1191 359 ’
1235 380 1792 451 mssERTATIo
1860 384 1968 451 Ἦ.

479 548 605 613 nisi
658 566 822 631 quae
889 548 972 612 ad
1025 567 1220 613 unum
1276 549 1569 631 idemque
1623 568 1850 615 nomen
1893 549 2213 631 pertinent
2266 549 2441 615 velut
2482 552 2725 637 Δαῒρα,

430 713 441 723 ,
485 643 696 735 οἶμαι.
789 649 965 728 Quae
1009 671 1134 716 non
1178 652 1269 716 ita
1314 671 1383 717 se
1427 652 1682 732 habent,
1728 653 1792 717 in
1838 652 2011 739 aliud
2053 657 2305 733 tempus
2342 651 2723 718 differentur.

479 753 603 819 Hic
645 772 795 818 vero
840 773 994 837 prae
1041 756 1269 820 ceteris
1315 756 1478 821 duae
1523 754 1916 820 enarrandae
1961 761 2111 821 sunt
2130 755 2549 839 synaloephae
2582 774 2722 837 spe-

479 858 637 937 cieS,
706 859 1060 939 synaeresis
1128 863 1193 923 et
1249 858 1476 939 crasiS‚
1551 876 1709 940 quas
1764 860 2159 940 grammatici
2213 859 2587 924 incuriosius
2632 859 2723 922 lo-

477 965 743 1043 quentes
787 958 913 1026 non
956 980 1101 1026 raro
1152 962 1577 1041 commiscent,
1625 961 1740 1025 sed
1784 960 2255 1028 Choeroboscus
2303 961 2452 1027 Can.
2493 961 2614 1027 157
2662 965 2728 1025 et

477 1063 667 1129 schol.
713 1063 894 1128 Dion.
942 1062 1221 1130 Gramm.
1270 1062 1395 1130 698
1437 1062 1634 1146 probe
1681 1063 2048 1130 discernunt
2111 1062 2151 1153 ἢ
2208 1062 2584 1151 συναίρεσις
2641 1063 2724 1129 τὰ

478 1163 646 1233 αἰτὰ
695 1161 1040 1254 φωνήεντα
1089 1163 1430 1256 φυλάττει,
1479 1161 1642 1243 ποῖἵς
1690 1171 1868 1245 παῖς,
1918 1162 1958 1252 ἢ
2009 1166 2082 1234 δὲ
2106 1171 2339 1253 κρᾶσις
2363 1165 2724 1233 ἀλλοίωσιν

476 1273 682 1350 ποῖει,
728 1264 877 1334 νόον
927 1272 1125 1344 νοῦν.,
1186 1272 1380 1337 Hisce
1425 1269 1672 1335 duabus
1717 1269 2188 1335 intermiscetur
2233 1271 2536 1354 synizesis
2584 1271 2717 1334 sive

476 1371 980 1455 synecphonesis‚
1027 1391 1189 1454 quae
1233 1370 1504 1455 figuram
1536 1373 1706 1438 vocis
1739 1392 1864 1437 non
1887 1377 2109 1454 mutat,
2157 1373 2269 1437 sed
2292 1391 2514 1438 sonum
2536 1372 2726 1436 modo

475 1475 652 1541 velut
695 1475 748 1539 si
795 1460 1140 1562 ἅλλοειδὴς
1182 1476 1249 1540 in
1292 1481 1425 1542 tres
1473 1477 1718 1558 cogitur
1748 1475 2041 1557 syllabas,
2088 1477 2256 1558 quod
2276 1476 2480 1558 poetis
2509 1474 2725 1540 facere

474 1565 843 1645 concessum
895 1583 1011 1644 est.
1099 1578 1382 1645 Primum
1445 1580 1641 1662 igitur
1705 1583 1930 1660 agetur
1995 1580 2074 1643 de
2139 1580 2461 1661 synaeresi
2526 1584 2594 1643 et
2662 1577 2726 1642 id

473 1683 800 1748 coniuncte
859 1701 1003 1747 cum
1058 1670 1345 1748 diaeresiss
1444 1682 1734 1764 Namque
1800 1682 1921 1747 hae
1990 1679 2352 1747 affectiones
2410 1699 2725 1763 persaepe

471 1784 640 1850 inter
685 1802 755 1849 se
800 1784 879 1849 de
922 1785 1282 1867 principatu
1299 1782 1308 1790 ’
1327 1784 1783 1851 conflictantur.

1422 2100 1642 2180 PARS
1718 2101 1774 2179 1.

671 2243 838 2328 De
946 2246 1620 2355 synaeresi
1726 2253 1842 2326 et
1944 2243 2537 2348 diaeresi.

1384 2436 1637 2516 *CAR
1707 2436 1879 2516 1.,‘

1877 2523 1888 2551 ἱ

830 2573 837 2602 ¹
1070 2580 1186 2653 De
1238 2577 1712 2679 diphthonyis
1755 2578 2123 2680 prdpriis.

647 2727 702 2814 ς.
755 2728 807 2793 1.
873 2728 924 2791 1.
990 2728 1349 2794 Inchoando
1395 2729 1670 2793 sermoni
1715 2729 2108 2822 aptissimum
2141 2733 2243 2794 est
2263 2745 2506 2807 nomen,
2554 2726 2728 2811 quod

477 2830 950 2897 Choeroboscus
993 2851 1112 2914 pro
1155 2832 1497 2912 specimine
1526 2832 1881 2915 synaeresis
1906 2829 2090 2896 affert
2126 2827 2289 2910 πάϊς
2313 2835 2488 2909 παῖς.
2557 2830 2728 2895 Hinc

475 2936 643 3001 enim
685 2939 864 3000 recta
917 2935 1086 2998 linea
1142 2934 1512 2998 deducimur
1577 2935 1643 2998 in
1693 2934 1931 3010 bivium
1985 2934 2169 3014 illud,
2244 2935 2308 2998 in
2374 2952 2496 3015 quo
2560 2935 2726 2999 duae

474 3037 828 3102 contrariae
875 3034 1236 3110 affectiones
1283 3037 1515 3113 acriter
1582 3041 1648 3100 et
1708 3055 1900 3118 saepe
1956 3049 2157 3118 aequo
2200 3036 2413 3100 Marte
2450 3054 2722 3115 concur-

472 3145 639 3205 runt.
730 3138 1065 3222 Synaeresi
1122 3139 1557 3220 patrocinatur
1610 3140 2162 3219 grammaticorum
2212 3156 2363 3221 pars
2419 3140 2725 3219 maxima3

471 3229 754 3324 Epim.'1
799 3241 922 3308 346
991 3240 1066 3308 τὸ
1137 3239 1391 3319 ἐντελὲς
1458 3238 1623 3318 πάϊς
1690 3240 1858 3307 κατὰ
1926 3240 2041 3327 τὴν
2110 3236 2405 3319 εὗθὲῒαν,
2475 3242 2590 3309 καὶ
2659 3237 2725 3308 ἐν

453 3348 850 3434 ’συναλοιφῇ
905 3349 1098 3428 παῖς,
1171 3339 1212 3430 ἡ
1273 3341 1605 3430 αἶτιατικὴ
1663 3342 1831 3409 κατὰ
1889 3341 2321 3426 συμπάθειαν
2379 3340 2543 3409 πάϊν
2614 3343 2725 3410 καὶ

472 3455 635 3529 παῖ-ν
673 3449 840 3532 (Sic),
886 3450 1192 3532 κωμικῶς
1238 3445 1312 3515 δὲ
1357 3442 1396 3533 ἡ
1444 3445 1715 3535 κλητικὴ
1763 3438 1817 3512 ὦ
1864 3442 1999 3512 πάϊ
2039 3438 2091 3511 ὦ
2129 3450 2268 3512 παῖ
2299 3446 2364 3530 ι)·
2410 3445 2451 3534 ἡ
2500 3447 2723 3534 γενικὴ

473 3551 585 3617 καὶ
630 3551 860 3637 δοτικὴ
904 3551 1210 3633 μοναχῶς
1255 3546 1504 3627 παιδός
1561 3549 1670 3615 καὶ
1718 3547 1946 3616 παιδί·
2018 3547 2126 3614 καὶ
2172 3548 2253 3614 τὰ
2301 3549 2724 3637 πληθυντικὰ

475 3650 744 3736 ὁμοίιος.
832 3652 971 3718 Hoc
1035 3652 1207 3716 valet
1270 3651 1594 3732 universe3
1660 3656 1793 3716 tres
1839 3649 2174 3744 singularis
2233 3652 2480 3716 numeri
2537 3670 2726 3718 casus

472 3755 857 3821 nominativo
900 3755 1169 3838 proximi
1213 3755 1383 3836 apud
1425 3759 1649 3836 poetas
1696 3753 1905 3835 epicos
1928 3752 2204 3818 Homero
2226 3755 2616 3835 posteriores
2664 3760 2728 3820 et

472 3858 808 3923 nonnullos
854 3858 1143 3924 diversae
1198 3857 1427 3922 aetatis
1472 3856 1728 3921 Aeolice
1772 3839 2060 3923 Ioniceve
2106 3855 2454 3923 scribentes
2499 3858 2724 3939 legun-

612 4118 668 4179 l)
704 4120 982 4184 Corruptio
1019 4123 1202 4184 aperta
1237 4125 1334 4184 est,
1371 4118 1624 4171 correctio
1662 4117 1910 4169 difficilis.
1983 4116 2040 4169 Si
2076 4119 2210 4169 sumi
2244 4116 2370 4171 licet
2400 4118 2725 4173 comicorum

471 4206 702 4270 aliquem
735 4204 1085 4256 ludibundum
1120 4209 1259 4258 παῖν
1293 4221 1607 4272 usurpasse,
1667 4206 1792 4257 huic
1830 4205 2244 4256 subnectendum
2279 4207 2379 4258 erit
2410 4206 2725 4258 adverbium

469 4291 739 4358 κωμικῶς.
813 4290 919 4342 Sed
952 4289 1176 4342 fortasse
1212 4292 1556 4352 scribendum(
1580 4297 1661 4344 est
1705 4287 1845 4344 πάϊν
1891 4288 2015 4342 ἀντὶ
2062 4290 2158 4343 τοῦ
2194 4294 2359 4344 nair·
2412 4292 2727 4349 κανονικῶς
2777 4326 2781 4331 -

469 4373 533 4427 δὲ
570 4371 603 4441 ἡ
639 4372 858 4442 κλητική
893 4392 942 4429 κ.
982 4392 1024 4427 τ.
1067 4374 1115 4429 ἑ.
