2946 4928
654 341 767 408 DE
811 342 1606 410 PROSGHEMATISMO.
1694 343 1763 411 P.
1787 343 1836 409 I.
1884 342 2057 410 0.11.
2104 345 2158 431 ἓ.
2183 344 2242 411 9.
2420 344 2543 412 189

300 503 432 571 ulla
451 505 683 572 idonea
704 507 946 574 ratione
978 509 1289 574 omittitur
1334 511 1717 589 sequente
1762 524 1902 573 voc
1919 508 2039 573 ali.
2114 505 2347 574 Omisit
2367 507 2544 592 Wyt-

297 608 675 674 tenbachius
717 610 783 675 in
827 610 1150 678 Plutarchi
1196 611 1331 677 adv.
1382 611 1580 678 Colot.
1626 609 1816 676 XXII
1866 609 2029 676 1119
2080 610 2130 676 C
2200 604 2544 698 προῗῗβαλε

302 708 555 793 αὐτοῖς,
602 710 810 795 Symp.
856 713 1012 780 VIII
1072 713 1327 791 Quaest.
1373 713 1467 778 IX
1511 733 1561 780 c.
1609 713 1667 779 3.
1715 712 2406 801 732Επλημμελοῦσι
2439 707 2548 779 δίν-

304 820 602 900 θρωποι,
648 816 727 882 de
773 815 930 882 Gen.
977 815 1148 884 Socr.
1193 816 1316 882 VII
1356 815 1484 882 579
1530 817 1580 883 C
1625 816 2062 904 προςπαίζων
2091 815 2357 904 Ἕλλησι
2405 812 2548 883 σ’λι-

309 922 594 1005 γωροῦσι
642 917 976 1001 παιδείας,
1021 921 1100 986 de
1142 920 1302 985 Virt.
1345 919 1500 986 Mul.
1544 920 1578 985 I
1623 919 1747 986 244
1804 922 1862 987 Α
1925 927 2072 999 ταῖς
2135 919 2385 1007 γυναιξὶ
2450 919 2549 986 ἔτι

310 1026 425 1087 νῦν
468 1020 645 1103 ἔθος,
693 1022 773 1088 de
816 1022 900 1087 IS.
946 1028 1011 1088 et
1035 1022 1141 1087 Os.
1188 1023 1280 1088 IV
1323 1023 1450 1089 352
1475 1023 1524 1089 C
1567 1021 1988 1111 φροντίζουσι
2013 1019 2278 1097 εἰδέναι,
2329 1023 2408 1088 de
2435 1022 2547 1090 So-

307 1125 445 1190 lert.
470 1125 738 1190 Animm.
785 1125 845 1190 X
889 1124 1093 1191 966Ε
1140 1124 1593 1212 ἐπαλείφουσι
1642 1125 1872 1207 οὕτως.
1961 1126 2049 1193 Et
2071 1125 2548 1208 Schweighaeu-
2610 1135 2633 1150 “

306 1246 486 1293 serus
532 1228 799 1310 Appian.
845 1228 975 1295 civ.
1021 1230 1054 1294 I
1097 1249 1146 1295 c.
1194 1229 1295 1295 61.
1342 1228 1424 1294 33
1470 1235 1611 1309 τοῖς
1655 1227 1990 1318 κεκρικόσι
2036 1227 2342 1298 ἐνέπιπτε
2377 1229 2547 1309 δέος,

303 1331 369 1396 Π
415 1329 515 1396 38.
565 1332 837 1412 7012013
884 1332 1121 1399 πόλεσι
1167 1332 1418 1420 ἔγραφε
1464 1338 1582 1398 etc.
1650 1339 1717 1399 et
1760 1334 1867 1399 alii
1909 1334 2175 1415 passim:
2247 1331 2439 1412 ἔδοξε
2483 1332 2549 1400 ἑν

305 1439 441 1512 τοῖς
489 1435 794 1501 Artemid.
839 1435 930 1501 IV
975 1437 1060 1501 22
1102 1455 1161 1518 p.
1209 1434 1354 1516 288,
1414 1432 1680 1502 κατίασι
1730 1432 1868 1503 ἀπὸ
1917 1433 2249 1515 Βοιωτίας
2291 1437 2547 1502 Lucian.

303 1536 580 1619 Menipp.
627 1539 681 1623 ξ.
728 1539 811 1604 22
855 1558 914 1620 p.
961 1537 1115 1619 288,
1185 1533 1681 1623 ἀπαγορεύουσι
1751 1535 1814 1605 οἳ
1858 1535 2052 1623 νόμοι
2119 1539 2351 1606 Julian.
2395 1541 2548 1610 Enc.

303 1638 518 1706 Const.
565 1638 648 1704 47
694 1640 752 1705 Α·
796 1641 906 1726 (55
951 1641 1195 1726 wytt.)‚
1263 1647 1331 1707 et
1372 1640 1764 1724 frequentius
1810 1639 1967 1708 ἔστι.
2000 1640 2082 1723 οἵ,
2146 1641 2287 1709 ἔστι
2335 1631 2550 1724 οὗτος,

303 1760 380 1806 ex
425 1742 654 1824 quibus
699 1742 1039 1808 Dorvillius
1085 1744 1168 1808 ad
1211 1743 1448 1809 Charit.
1497 1741 1623 1809 294
1667 1745 2091 1810 coniecturam
2159 1746 2343 1828 cepit,
2388 1746 2546 1831 ,hia-

301 1850 438 1910 tum
485 1846 870 1927 aspiratione
904 1846 1216 1912 mollitum
1260 1868 1419 1913 esse.
1513 1847 1639 1914 Sed
1682 1849 1851 1913 idem
1894 1850 1958 1914 in
2003 1841 2204 1913 vanu.
2247 1868 2309 1930 p.
2357 1846 2437 1913 79
2483 1854 2549 1914 et

279 1936 670 2014 'Bernardus
715 1949 797 2014 ad
840 1948 1040 2014 Nonn.
1086 1968 1136 2016 c.
1182 1950 1306 2016 VH
1348 1951 1435 2017 40
1480 1952 1598 2017 hoc
1643 1952 1835 2017 etiam
1857 1956 2003 2018 “non
2048 1953 2343 2033 aspiratis
2401 1970 2546 2017 con-

304 2050 553 2115 cedunt.
639 2050 729 2115 Et
768 2052 834 2116 in
876 2053 1135 2118 Aristot.
1180 2055 1259 2119 H.
1305 2055 1577 2120 Animm.
1623 2055 1718 2119 IX
1765 2053 1844 2119 18
1889 2074 2014 2120 non
2059 2056 2262 2121 solum
2307 2054 2546 2120 Casau-

302 2154 505 2219 bonus
547 2173 608 2236 p.
657 2154 781 2220 712
825 2154 916 2235 Β.,
986 2157 1099 2222 sed
1142 2157 1475 2223 Bekkerus
1520 2177 1767 2241 quoque
1814 2158 2016 2224 edidit
2083 2153 2123 2244 ἡ
2173 2153 2367 2237 πώυξ
2409 2154 2548 2225 ἐστὶ

303 2250 856 2345 ὀφθαλμοβόρος.
944 2258 1031 2324 At
1073 2261 1448 2339 immensum
1469 2261 1799 2342 praevalet
1821 2261 2024 2327 altera
2052 2261 2230 2342 ratio,
2277 2280 2402 2342 qua
2433 2260 2541 2326 ob-

251 2447 264 2456 *
303 2364 558 2427 servata
599 2360 936 2443 Emperius
980 2363 1045 2427 in
1089 2362 1308 2428 Dionis
1376 2368 1463 2429 or.'
1510 2365 1635 2430 VII
1700 2362 1825 2429 274
1886 2363 2097 2429 Reisk.
2165 2364 2230 2430 ἐν
2299 2358 2545 2431 δούλου

303 2460 587 2550 σχήματι
628 2466 902 2549 μένουσι
970 2458 1120 2554 ι’ίχρι
1188 2464 1404 2555 γήρως
1457 2485 1537 2531 ex
1603 2467 1846 2533 duobus
1913 2467 2230 2535 codicibus
2298 2464 2547 2532 suffecit

299 2568 620 2651 μένουσιν.
712 2562 1039 2634 Strabonis
1082 2570 1330 2651 menda,
1396 2590 1561 2653 quae
1616 2571 1962 2637 Kramerus
2030 2589 2109 2636 ex
2167 2571 2545 2636 editionibus

298 2671 615 2753 prioribus
658 2673 1021 2754 transeunt,
1070 2675 1476 2761 πλανηθεῖσι
1522 2665 1638 2752 οὓς
1682 2673 1867 2757 ἔτυχε
1909 2674 1977 2739 ΙΙ
2027 2673 2095 2739 11
2144 2693 2204 2755 p.
2255 2672 2376 2739 117
2401 2672 2541 2740 Cas.

300 2775 474 2859 (157.
523 2777 560 2840 7
586 2766 822 2859 Mein),
871 2773 989 2842 δύο
1019 2776 1182 2864 φησί
1208 2768 1376 2843 εἶναι
1403 2776 1665 2865 φρέατα
1688 2776 1787 2841 ΠΙ
1808 2776 1867 2841 5.
1916 2779 1952 2842 7
1998 2796 2057 2859 p.
2109 2776 2230 2841 172
2256 2777 2428 2862 (235.
2460 2779 2540 2861 1),
2576 2814 2590 2826 ·

301 2871 739 2955 ταῒς”Αλπεσι
784 2876 1006 2945 ἐκτῶν
1034 2917 1104 2925 -—
1137 2880 1225 2946 IV
1271 2878 1310 2945 6
1363 2881 1392 2944 1
1440 2898 1501 2961 p.
1547 2881 1685 2947 202
1722 2877 1895 2963 (276.
1942 2878 2053 2961 21)
2099 2882 2541 2947 exterminavit

298 2979 601 3045 Meinekii
632 2983 964 3049 accuratio.
1057 2982 1299 3051 Similia
1343 2984 1659 3065 quaedam
1704 2985 1786 3050 ad
1829 3003 2050 3050 verum
2094 2986 2343 3070 redegit
2370 2985 2536 3049 Ben-

299 3083 485 3149 seler.
523 3085 614 3150 ad
658 3084 846 3151 Isocr.
892 3087 1122 3169 Paneg.
1177 3085 1294 3155 187
1342 3093 1408 3154 et
1452 3087 1532 3153 de
1575 3088 1775 3154 Hiatu
1820 3089 1921 3154 20.
2329 3143 2335 3148 .

418 3259 424 3265 ,
468 3185 678 3267 Multo
719 3206 867 3253 vero
921 3192 1172 3272 saepius
1239 3193 1305 3257 in
1370 3191 1751 3258 contrariam
1816 3197 2064 3274 partem
2127 3195 2393 3271 peccant
2456 3194 2541 3257 νῦ

301 3291 666 3357 consonis
710 3299 1312 3375 praeponentes:
1362 3290 1922 3379 διαμαρτάνουσιν
1947 3298 2067 3360 τοῦ
2091 3294 2541 3380 συμφέροντος

294 3392 486 3459 Isocr.
531 3394 794 3461 Panath.
840 3395 966 3489 284
1012 3396 1184 3480 (320.
1234 3397 1373 3462 248.
1421 3396 1461 3462 6
1508 3396 1772 3479 Bekk.)‚
1822 3394 2075 3476 δόξειεν
2120 3398 2202 3462 τὰ
2249 3401 2376 3483 τῶν
2418 3390 2539 3481 μή·

296 3503 427 3562 λων
450 3496 759 3582 Theophr.
804 3501 883 3566 H.
906 3500 1165 3566 Plant.1
1215 3499 1309 3566 11.
1355 3500 1414 3581 5,
1461 3502 1580 3566 τοῦ
1628 3498 1694 3566 ἐν
1739 3504 1879 3576 τοῖς
1924 3493 2147 3587 ὄρεσιν
2192 3497 2304 3564 τὸν
2334 3499 2533 3581 μὲν-

294 3600 386 3665 VI
433 3602 493 3666 7.
541 3602 580 3667 5
610 3604 991 3670 Wimmerus
1035 3606 1101 3670 in
1145 3604 1418 3669 editione
1441 3607 1741 3684 utraque,
1791 3599 2211 3668 Schneiderus
2243 3594 2537 3687 ὅρεσι-,

295 3704 603 3772 πίνουσιν
627 3707 740 3773 τὸν
755 3744 827 3755 -
848 3706 1061 3773 Cebet.
1087 3707 1237 3772 Tab.
1270 3708 1328 3773 V
1350 3706 1496 3787 280,
1525 3703 2015 3794 ἀντερείδουσιν
2038 3704 2158 3784 τὰς
2175 3704 2536 3770 -Demetn

293 3808 469 3874 Phal.
495 3810 575 3875 de
595 3810 751 3877 Eloc
770 3810 947 3876 ‚XIH
989 3809 1047 3891 9,
1095 3809 1404 3899 ἐποίησεν
1432 3809 1506 3876 τὸ
1531 3849 1602 3859 ——
1631 3809 1853 3887 XXIII
1882 3807 1991 3903 13,
2029 3805 2330 3896 αἱροῦσιν
2354 3807 2555 3905 κύνεςι

293 3912 541 3977 Arrian.
588 3912 737 3996 Cyn.
782 3913 847 3978 Π
892 3915 950 3995 2,
1017 3910 1363 4002 πρόσεισιν
1402 3912 1501 4002 ἰῷ
1545 3915 1605 3981 V
1649 3913 1707 3996 6,
1740 3919 1806 3979 et
1849 3914 1939 3979 sic
1982 3913 2126 3995 plus
2196 3913 2436 3979 decies'
2472 3913 2540 3977 in

292 4014 413 4081 hoc
454 4035 580 4081 uno
625 4017 849 4098 capite,
914 4020 989 4081 ut
1029 4015 1389 4083 Hercherus
1434 4017 1690 4099 quidem
1735 4016 1952 4098 edidit,
2011 4014 2195 4084 δυσὶν
2240 4010 2281 4102 ἢ
2329 4014 2539 4102 νιρισὶν

288 4118 562 4206 χωρίοις
584 4119 839 4201 DionyS.
865 4118 943 4185 de
986 4119 1048 4185 vi
1072 4119 1249 4185 Dem.
1295 4117 1395 4184 43.
1447 4117 1629 4200 1091,
1677 4116 2103 4204 εἰσελήλυθεν
2127 4117 2299 4200 μετὰ
2337 4115 2525 4181 τὸν-

292 4221 493 4304 Epist.
540 4222 622 4287 ad
664 4222 867 4287 Amm.
911 4221 1038 4286 XII
1083 4220 1224 4303 746,
1274 4223 1551 4304 λοχῶσιν
1604 4219 1937 4311 Ίυρῥηνοί
1979 4218 2532 4298 Philostr.1magg.

283 4324 357 4389 -II
407 4323 500 4390 19.
550 4323 704 4405 793,
773 4349 1087 4414 παρεσιιν
1132 4321 1506 4408 θαυμάζειν
1549 4325 1864 4391 Aristaen.
1912 4323 1945 4388 I
1999 4323 2115 4403 Ep.
2190 4317 2267 4386 19
2312 4338 2370 4401 Ῑ).
2429 4317 2531 4401 93,
