2946 4928
450 318 578 389 304
1205 320 1762 392 mssnn‘ra‘rm
1803 323 1980 392 vm
2024 295 2080 410 ζ

451 482 680 570 γέλων,
739 482 911 571 §gano
926 533 941 558 ,
1008 490 1122 551 aut
1163 487 1335 573 γέλω
1349 532 1368 563 ,
1426 485 1560 573 ἔρω
1576 535 1596 566 ,
1659 503 1827 568 quae
1882 485 2018 552 sola
2069 484 2300 568 probat
2339 483 2716 550 Meinekius

450 587 656 652 Anall.
699 586 828 652 222
900 592 967 653 et
1008 586 1135 654 405
1201 588 1495 655 reiiciens
1558 589 1851 655 tertiam—
1882 587 2148 653 formam
2201 605 2252 653 a
2310 588 2713 654 Buttmanno

452 689 955 754 commendatam
1000 688 1178 777 ἔρον,
1226 691 1418 775 γέλον
1439 689 1521 773 *).
1607 690 2022 756 Accusativus
2067 690 2149 778 ἔρ
2167 716 2220 755 ω
2265 689 2708 772 grammaticis

448 795 562 856 aut
602 791 855 872 ignotus
897 790 1020 857 fuit
1062 796 1173 857 aut
1214 791 1379 858 forte
1423 810 1700 874 casuque
1741 792 2225 875 praetermissus
2270 796 2387 858 est.
2439 828 2514 840 —
2566 790 2701 855 Sed

445 874 816 959 idemtidem
862 894 1262 976 praecipiunt
1303 895 1384 960 de
1428 894 1844 961 substantivis
1888 896 1956 960 in
1999 897 2080 965 ω’ῖι
2123 895 2535 974 exeuntibuS,
2582 894 2697 959 alii

448 1013 767 1077 apocopen
840 1002 1209 1078 causantes,
1278 997 1386 1063 alii
1451 998 1631 1062 clisin
1673 996 1969 1064 Atticam.
2057 998 2339 1063 Primum
2382 998 2450 1063 in
2498 996 2695 1063 schol.

447 1097 520 1163 Il.
563 1096 660 1165 XI
703 1096 824 1165 641
896 1103 1189 1165 κυκειῶ
1236 1100 1754 1186 περισπαστέον·
1824 1104 1944 1166 τοῦ
2001 1101 2125 1188 γὰρ
2170 1097 2461 1168 κυκεῶνά
2511 1099 2695 1166 ἐστιν

448 1194 805 1285 ἀποκοπή,
874 1205 938 1264 et
983 1199 1293 1281 copiosius
1335 1200 1607 1266 Ioannes
1670 1220 1731 1284 p.
1783 1202 1861 1268 12
1930 1200 2001 1271 αὶ
2069 1199 2165 1280 εἷς
2221 1207 2273 1274 δ
2321 1199 2696 1269 ainamma

448 1305 665 1369 πᾶσαι
691 1298 1153 1369 πεπόνθασιν·
1197 1296 1238 1388 ἡ
1284 1302 1406 1387 μὲν
1449 1303 1575 1392 γὰρ
1613 1299 1964 1372 Ἀπόλλω
2008 1305 2119 1372 καὶ
2151 1308 2534 1373 Ποσειδῶ
2581 1304 2693 1372 καὶ

446 1401 514 1470 αἱ
561 1400 1031 1493 παραπλήσιαι
1078 1398 1533 1473 ἆποκοπεῖσαι
1603 1402 1725 1473 οὐκ
1767 1401 2071 1496 ἤμειψαν
2125 1411 2255 1473 τῶν
2301 1402 2692 1494 ὁλοκλήρων
2820 1449 2833 1459 ·

443 1507 557 1573 τὸν
599 1504 821 1590 τόνον,
889 1526 1052 1589 quae
1097 1508 1490 1575 Tbeodosius
1532 1528 1594 1591 p.
1639 1510 1766 1575 200
1821 1514 2016 1592 auget
2056 1503 2351 1575 diversis:
2418 1510 2496 1576 τὸ
2543 1513 2689 1574 Πο-

442 1613 676 1693 σειδῶ,
745 1613 1011 1683 κυκειῶ,
1081 1606 1274 1697 ἱδρῶ,
1342 1615 1484 1677 ταῶ
1529 1608 1609 1678 οὗ
1654 1611 1937 1678 τελικὸιΡ
1956 1611 2089 1695 ἔχει
2131 1614 2209 1677 τὸ
2251 1616 2347 1692 E„
2395 1607 2538 1677 ἀλλ’
2611 1608 2693 1690 ἐξ

442 1707 823 1800 ἀποκοπῆς,
868 1729 1075 1794 neque
1120 1714 1294 1780 aliud
1338 1712 1652 1796 significat
1696 1713 2169 1781 Choeroboscus
2215 1732 2525 1798 syncopae
2568 1732 2686 1779 no-

438 1816 607 1880 mine
653 1813 756 1882 95.
803 1814 903 1881 30.
991 1815 1094 1882 Ad
1158 1815 1325 1882 hunc
1386 1817 1595 1883 locum
1661 1817 1797 1912 sola
1860 1818 1970 1883 illa
2031 1817 2353 1899 pertinent
2366 1866 2381 1896 ‚
2450 1806 2683 1898 quibus

436 1916 708 1982 Ioannes
731 1917 953 1998 utitur,
1000 1936 1201 2001 eaque
1245 1938 1285 1984 a
1305 1919 1528 1999 tribuS,
1575 1937 1738 2000 quae
1779 1937 1897 2000 per
1925 1923 2015 1997 1‘0}
2058 1920 2470 2004 declinantur,
2515 1919 2684 1984 hanc

440 2017 861 2085 differentiam
905 2018 1159 2103 habent,
1208 2022 1378 2104 quod
1420 2039 1626 2102 neque
1649 2027 1982 2103 poetarum
2004 2022 2234 2088 finibus
2254 2021 2516 2101 inclusa,
2563 2021 2683 2086 sed

436 2122 503 2186 in
563 2139 686 2186 usu
742 2121 1020 2187 omnium
1084 2124 1293 2205 posita
1358 2128 1509 2188 sunt
1559 2124 1935 2207 proprieque
1979 2120 2207 2190 Atticis
2251 2124 2678 2205 assignantur,

434 2242 641 2307 neque
662 2224 804 2306 plus
834 2243 1025 2306 quam
1068 2244 1264 2291 unum
1308 2243 1525 2292 casum
1568 2227 1649 2292 ab
1694 2226 1912 2292 ordine
1956 2223 2266 2290 deflexum
2303 2226 2677 2305 ostendunt3

434 2344 582 2392 nam
629 2327 943 2410 genitivus
975 2330 1285 2395 Ποσειδῶ
1327 2330 1698 2396 insolentior
1740 2333 1857 2409 est„
1902 2345 2092 2409 quam
2135 2328 2244 2408 qui
2286 2328 2377 2394 sic
2419 2333 2495 2393 ut
2535 2326 2676 2393 zani

431 2447 549 2513 pro
571 2430 857 2514 exemplo
880 2430 1316 2498 declinationis
1349 2431 1728 2515 isosyllabae
1780 2430 2004 2497 haberi
2049 2431 2252 2512 possit
2272 2428 2358 2514 [p.
2380 2430 2557 2516 298.]
2591 2469 2665 2478 -

431 2533 551 2600 His
599 2534 904 2600 addamus
949 2534 1100 2599 licet
1139 2535 1470 2616 poeticum'
1511 2532 1592 2602 αἶ
1610 2541 1663 2600 ὤ
1676 2584 1693 2616 ,
1739 2535 1908 2617 quod
1949 2533 2352 2599 Hermannus
2396 2553 2474 2600 ex
2515 2534 2675 2599 lexi-

429 2637 654 2719 graphi
735 2636 1062 2703 cuiusdam
1125 2635 1355 2703 indicio
1420 2636 1732 2720 Aeschylo
1809 2637 2119 2717 restituit,
2204 2642 2272 2701 et
2343 2637 2672 2719 proprium

424 2735 503 2805 'A
519 2737 662 2806 σκά
678 2741 780 2806 λω
824 2758 941 2823 pro
977 2735 1367 2806 Ἀσκάλωνα
1411 2740 1478 2804 in
1500 2739 1784 2806 Richteri
1819 2739 2014 2804 Inscr.
2060 2757 2100 2803 a
2123 2738 2435 2803 Franckio
2480 2739 2670 2804 editis

427 2859 488 2923 Ρ.
540 2839 680 2907 169.
745 2879 818 2889 —-
872 2842 1012 2907 Rho
1055 2841 1309 2908 literam
1350 2841 1541 2908 huius
1585 2842 1834 2926 generis
1880 2855 2076 2907 unum
2140 2841 2206 2905 in
2252 2841 2425 2906 exitu
2466 2840 2666 2906 habet

429 2939 587 3030 ἰχώρ
639 2981 711 2992 --
760 2941 968 3029 ἰχῶρα
1013 2943 1120 3010 καὶ
1165 2941 1303 3011 κατ’
1353 2940 1713 3032 ἀποκοπὴν
1755 2940 1894 3026 ιχῶ
1938 2942 2081 3008 ΕΜ.
2099 2940 2244 3009 480.
2288 2941 2390 3022 56,
2438 2943 2517 3008 de
2538 2961 2669 3024 quo

427 3047 622 3113 schol.
666 3045 721 3111 B
766 3045 848 3111 ad
892 3045 964 3111 11.
1008 3046 1068 3110 V
1110 3043 1236 3110 416
1305 3042 1572 3113 ἇττικόν
1637 3070 1777 3114 εστι
1832 3041 1972 3111 κατ’
2024 3043 2381 3132 αποκοπῆν
2445 3049 2568 3111 τοῦ
2612 3049 2667 3131 ’ᾗ

427 3150 541 3216 καὶ
581 3152 639 3233 ἶῐ,
683 3144 729 3236 ἢ
770 3148 933 3215 κατα
981 3146 1354 3235 συναίρεσιν
1397 3145 1600 3237 ἰχῶρα
1644 3145 1784 3230 ἰχῶ,
1829 3147 1949 3212 hoc
1991 3152 2093 3212 est
2134 3147 2300 3214 κατὰ
2336 3143 2669 3234 ἐξαίρεσιν

426 3255 545 3320 τοῦ
610 3255 664 3341 ’ῥ’
708 3247 874 3335 ἷχῶα
940 3252 1049 3319 καὶ
1107 3253 1482 3339 συναιρέσει
1540 3248 1676 3334 ἰχῶ.
1767 3249 1844 3315 Id
1888 3249 2133 3330 dubito,
2199 3268 2350 3315 num
2391 3268 2664 3332 usquam

423 3356 735 3422 invenerit
776 3360 1031 3438 praeter
1073 3355 1480 3420 Homericum
1522 3353 1754 3432 locum
1823 3352 1938 3417 sed
1982 3352 2260 3417 Atticum
2315 3352 2524 3418 dicere
2567 3353 2662 3417 vi-

422 3459 611 3524 detur
663 3462 925 3541 propter
974 3453 1311 3537 Ἀπόλλω,
1379 3459 1619 3534 κυκεῶ,
1687 3472 1851 3536 quae
1892 3454 2268 3519 Eustathius
2334 3473 2477 3521 cum
2547 3453 2658 3520 illo
2752 3497 2766 3506 ⁴

424 3559 761 3626 contendit.
849 3559 1251 3626 Herodianus
1295 3559 1360 3623 in
1394 3557 1564 3623 Mon.
1572 3556 1689 3622 32.
1740 3555 1817 3621 15
1863 3557 2139 3621 omnium
2180 3556 2247 3620 in
2291 3594 2368 3644 wo
2423 3575 2656 3623 exeun-

420 3662 581 3727 tium
624 3663 743 3729 hoc
785 3681 983 3728 unum
1027 3681 1180 3728 sono
1224 3666 1409 3727 acuto
1452 3658 1621 3725 finiri
1666 3642 1852 3724 docet
1905 3662 1988 3738 et,
2036 3675 2147 3723 cur
2189 3659 2282 3723 ita
2325 3660 2437 3739 sit,
2505 3659 2659 3724 alibi

421 3783 463 3830 a
504 3783 574 3830 se
628 3765 1006 3848 explicatum
1072 3783 1216 3832 esse
1281 3761 1632 3847 profitetur.
1717 3760 2031 3843 Equidem
2095 3765 2352 3827 causam
2414 3761 2659 3828 nullam

557 4018 614 4082 ¹⁸¹)
648 4021 814 4076 Adam:
851 4019 974 4088 „324-
1008 4014 1168 4096 παροῖ
1203 4018 1261 4075 τὸ
1299 4017 1428 4076 εἰκώ
1463 4016 1639 4083 einais,
1676 4019 1816 4073 αἰδῶ
1854 4012 2049 4084 αἰδώς,
2104 4011 2273 4079 οὕτως
2307 4017 2474 4090 ἱδρῶ·
2516 4013 2679 4075 ὅθεν

418 4107 513 4158 καὶ
548 4104 968 4181 ἀναλογῶτερον
1001 4106 1223 4168 Αἰολεῖς
1255 4107 1508 4174 θηλυκῶς
1549 4107 1772 4174 λέγουσι
1813 4106 1980 4159 schol.
2013 4105 2077 4159 11.
2112 4105 2249 4156 XXII
2285 4102 2510 4171 2‚·(ubi:
2558 4103 2657 4161 τὸν

418 4190 597 4261 ἱδρῶ).
640 4194 914 4247 Fortasse:
953 4189 1106 4265 παρὰ
1143 4189 1200 4246 τὸ
1240 4189 1404 4246 εἰκών
1438 4187 1586 4250 eluci,
1625 4186 1800 4250 αἰδώς
1834 4191 2009 4256 αἳδῶ,
2050 4185 2214 4249 οὕτως
2253 4186 2421 4258 ἱδρώς
2456 4191 2655 4264 ἱδρῶ.“

421 4273 591 4329 Paulo
614 4285 756 4344 pom
792 4273 1065 4343 ,ξΑπόλλω
1100 4286 1155 4332 et
1189 4278 1445 4333 Ποσειδῶ
1483 4280 1715 4331 Homero
1751 4285 1806 4331 et
1837 4279 2071 4331 Hesiodo
2104 4276 2338 4345 ignota.“
