2946 4928
526 347 642 414 DE
686 338 1487 417 PROSCEEMATISMO.
1566 351 1638 418 P.
1660 351 1776 417 III.
1823 349 1889 417 0.
1913 350 1964 417 I.
2015 350 2070 436 ἓ.
2099 350 2154 415 1.
2328 346 2455 416 225

225 530 274 579 c.
324 512 402 578 10
443 531 505 594 p.
555 473 719 579 127'2
765 533 820 581 a.
864 511 948 580 36
992 519 1059 581 et
1101 513 1383 581 defendit
1427 514 1851 598 Goettlingius
1894 532 1955 596 Ρ.
1980 512 2109 579 332
2153 518 2460 595 tanquam

225 615 421 681 simile
453 635 788 699 apponens
833 617 1308 684 Homericum'
1280 625 1574 702 επισχοῒ
1554 644 1630 699 ς.
1720 619 1960 685 Verum
2020 617 2141 683 hoc
2206 634 2458 700 quoque

224 718 585 786 derelictum
630 723 747 799 est,
777 740 849 785 v.
894 721 1157 787 Elemm.
1203 722 1236 786 I
1279 708 1423 803 428,
1470 727 1538 788 et
1581 724 1689 806 qui
1731 721 1850 788 hoc
1894 722 2289 803 amplexatur
2329 719 2461 785 He-

223 822 543 902 rodianuS‚
591 823 645 888 si
690 821 989 906 ἐπισχοῖε
1034 825 1558 924 deprehendisset
1600 826 1876 908 uspiam,
1946 842 2024 889 ex
2087 823 2207 888 hac
2270 823 2464 888 tertia

222 941 490 1004 persona
534 926 873 991 secundam
916 946 1032 1009 per
1076 929 1459 994 anadromen
1503 927 1803 994 reflexam
1848 946 1988 992 esse
2013 926 2303 1006 dixisset3
2350 925 2465 990 sed

224 1027 277 1091 is
318 1028 501 1110 longe
547 1028 719 1094 aliud
764 1030 972 1111 sumit,
1018 1032 1255 1096 usitato
1301 1030 1600 1114 ἐπίσχοις
1643 1032 1888 1114 6Ρ611011
1930 1049 2046 1113 Ρ61
2083 1027 2461 1112 epenthesin

223 1131 583 1196 accrevisse.
693 1131 981 1215 Denique
1048 1131 1263 1201 εἴπειε
1328 1134 1563 1215 legitur
1627 1136 1820 1201 etiam
1884 1135 1949 1200 in
2003 1131 2242 1198 Nicom.
2286 1129 2379 1196 VI
2426 1128 2456 1194 1

220 1251 279 1313 p.
328 1232 399 1298 11
452 1233 512 1299 b.
558 1232 669 1314 31,
737 1235 996 1302 Rhetor.
1040 1236 1140 1301 III
1185 1236 1222 1300 7
1266 1255 1326 1319 p.
1376 1236 1542 1304 1408
1589 1256 1643 1302 6.
1695 1237 1774 1302 15
1819 1243 1886 1303 et
1929 1235 2211 1318 saepius,
2276 1251 2335 1298 v.
2382 1231 2465 1296 ad

220 1335 456 1401 Buttm.
503 1355 562 1418 p.
614 1336 752 1402 165.

387 1440 717 1531 Vocalium
782 1441 974 1506 tertia
1040 1442 1285 1508 duabus
1338 1442 1667 1524 particulis
1712 1441 2033 1508 affluxisse
2077 1439 2462 1523 perhibetur,

222 1561 376 1624 quas
421 1543 848 1609 Buttmannus
894 1562 1143 1627 quoque
1186 1563 1445 1627 gramm.
1492 1544 1558 1610 II
1601 1565 1661 1628 p.
1689 1543 1816 1611 374
1871 1544 2212 1610 consociat:
2267 1540 2467 1620 „Emi

220 1637 341 1734 ἤδη
404 1645 963 1733 μοιἰ-Κράτης
1020 1645 1140 1714 δύο
1201 1652 1389 1715 ποιεῖ
1451 1639 1493 1735 ἦ
1552 1649 1663 1717 καὶ
1721 1643 1831 1736 δή,
1916 1647 2022 1715 διὸ
2103 1644 2214 1712 καὶ
2271 1669 2464 1732 περι-

224 1752 480 1816 σπᾶται
526 1748 601 1814 τὸ
651 1740 707 1834 ἧ.
774 1744 1046 1836 Ἐπειὴ
1086 1788 1158 1797 -
1209 1751 1280 1816 τὸ
1326 1752 1368 1836 ἦ
1410 1748 1834 1836 πλεονασμός
1857 1750 2046 1816 schol.
2071 1747 2187 1813 Od.
2209 1747 2301 1813 IV
2322 1744 2468 1826 260,

223 1851 334 1916 6611
354 1852 711 1933 praevaluit
726 1854 960 1935 opinio,
1008 1846 1048 1941 ἦ
1092 1859 1340 1936 partem
1364 1851 1840 1936 significabilem
1870 1871 2124 1918 esse.—
2052 1850 2241 1915 —De
2266 1850 2466 1915 altero

230 1952 518 2041 Τρύφων
564 1954 768 2044 φησὶν
836 1952 901 2022 ἐν
948 1962 1038 2045 τῷ
1084 1952 1210 2045 τιή
1261 1956 1682 2041 πλεονασμὸς
1725 1963 1845 2023 τοῦ
1886 1943 2077 2084 ,1,ςῷ
2125 1949 2299 2042 λόγῳ
2355 1952 2467 2019 καὶ

221 2055 290 2121 τὸ
336 2055 596 2144 λεγοίη,
667 2059 938 2147 φεροιή
956 2056 1391 2186 πλεοιάςζοσσι
1447 2065 1541 2148 τῷ
1586 2063 1656 2144 η“““.“
1698 2059 1881 2127 Καὶ
1936 2053 2017 2149 ἦν
2073 2053 2466 2143 συγκατατί-

227 2164 479 2226 θεσθαι
529 2155 739 2248 αὐτῷ,
809 2188 870 2229 ει
913 2163 1004 2251 μὴ
1063 2163 1136 2228 τὸ
1186 2156 1330 2252 ὁτιή
1379 2167 1552 2251 πρὸς
1597 2158 1866 2231 πάντων
1911 2156 2280 2250 συμφώνως
2324 2156 2468 2227 ἆνε-

226 2257 489 2352 γνώσθη
538 2261 607 2328 ἐν
652 2259 840 2356 ὀξείᾳ
864 2263 1051 2333 τάσει
1098 2270 1216 2333 τοῦ
1260 2269 1313 2349 ῧζ
1359 2264 1532 2353 ὅπερ
1579 2264 1699 2335 οὐκ
1746 2260 1822 2330 ἂν
1854 2263 2252 2351 παρείπετο,
2299 2259 2358 2330 εἰ
2401 2256 2470 2329 ἓν

181 2367 409 2457 ,μέρος
453 2362 659 2454 λόγου
706 2361 782 2454 ἦν
826 2370 896 2435 τὸ
946 2366 1049 2458 τιή
1101 2368 1388 2450 Apollon.
1436 2368 1610 2435 Coni.
1649 2367 1795 2438 524.
1841 2369 1899 2435 2.
1957 2367 2274 2433 Nimirum
2295 2366 2466 2450 pleo-

224 2488 478 2536 nasmus
528 2476 855 2537 accentum
897 2490 1022 2537 non
1066 2478 1288 2538 mutat.
1362 2474 1604 2538 Verum
1646 2473 1726 2539 de
1771 2467 1965 2560 ἓπειή
2012 2472 2217 2554 deque
2241 2470 2471 2536 Atticis

226 2568 327 2660 τίη
372 2573 525 2653 sive,
572 2578 644 2639 ut
685 2593 850 2640 nunc
895 2576 1207 2657 scribitur,
1252 2570 1359 2663 τιή
1406 2582 1473 2643 et
1518 2571 1686 2662 ὁτιή,
1733 2593 1897 2658 quae
1920 2573 2361 2656 Goettlingius*
2390 2573 2473 2637 ad

228 2673 371 2741 Η66.
419 2676 654 2759 Theog.
701 2677 783 2742 35
854 2697 997 2744 cum
1040 2678 1321 2745 obsoleto
1379 2677 1679 2763 quianam
1723 2677 1993 2758 confert,
2059 2677 2361 2742 Lehrsius
2404 2677 2471 2740 in

228 2776 475 2853 Quaest.
526 2779 687 2861 Epp.
735 2781 827 2846 ita
872 2781 1192 2847 elaborate
1239 2782 1423 2862 dixit,
1484 2786 1559 2846 ut
1598 2781 1782 2861 nihil,
1850 2781 2021 2863 quod
2064 2781 2146 2846 ad
2188 2798 2325 2845 rem
2369 2779 2471 2861 sit,

227 2880 454 2947 addere
504 2883 771 2964 possim,
829 2883 903 2949 cf.
952 2884 1257 2950 Thiersch
1301 2883 1375 2947 de
1419 2884 1670 2969 analoy.
1708 2872 1970 2947 'Graeca
2013 2882 2080 2947 in
2126 2882 2470 2949 Comment.

229 2985 434 3050 societ.
481 2985 727 3051 Monac.
774 2986 843 3051 T.
887 2987 981 3052 VI
1020 2985 1089 3053 Ρ.
1134 2988 1201 3053 11
1242 3007 1301 3070 p.
1348 2986 1495 3053 425.
1567 3024 1640 3034 -
1715 2985 1873 3051 011111
1938 2985 2066 3051 11116
2134 2986 2246 3069 qui
2304 3004 2470 3052 com-

227 3095 534 3214 parantur
603 3093 907 3172 tanquam
975 3092 1196 3157 eodem
1248 3090 1612 3173 pleonasmo
1681 3086 1890 3155 affecti
1948 3086 2260 3177 λεγοίη,
2332 3113 2472 3177 φε-
2487 3147 2493 3153 .

233 3187 409 3279 ροίη
456 3197 526 3257 et
562 3191 663 3256 his
691 3193 927 3259 similes
950 3195 1288 3260 verborum
1312 3193 1764 3278 barytonorum
1808 3192 2155 3275 optativi
2202 3211 2329 3257 non
2372 3210 2472 3257 re-

236 3293 578 3376 periuntur,
622 3314 827 3377 neque
871 3298 1143 3380 suspicio
1167 3298 1367 3378 abest,
1414 3317 1453 3362 a
1475 3296 1901 3382 grammaticis
1936 3292 2116 3360 fictos
2148 3312 2290 3359 esse
2314 3295 2471 3360 dun-

234 3398 405 3463 taxat
448 3399 532 3464 ad
576 3416 724 3463 eum
765 3398 971 3481 finem,
1016 3406 1089 3465 ut
1109 3420 1443 3483 personam
1466 3401 1737 3483 primam
1781 3399 2050 3486 τρέφων
2076 3396 2477 3478 expedirent3

233 3496 385 3565 illud
429 3502 599 3566 enim
642 3519 720 3566 ex
763 3528 872 3590 τρε
881 3503 1083 3591 φοίην
1128 3509 1536 3584 contractum,
1582 3503 1701 3568 hoc
1745 3506 1960 3567 autem
2007 3519 2083 3564 ex
2118 3500 2309 3565 tertia
2329 3519 2473 3582 per-

237 3612 385 3667 sona
450 3603 728 3693 τρεφοίη
784 3606 1158 3672 reclinatum
1213 3626 1353 3673 esse
1408 3607 1772 3688 voluerunt,
1840 3625 1897 3673 v.
1940 3604 2207 3670 Elemm.
2251 3602 2286 3668 Ι
2329 3603 2474 3670 330.

238 3700 303 3769 Si
343 3707 452 3787 qui
494 3711 710 3773 tamen
745 3706 1131 3775 Graecorum
1173 3709 1272 3775 his
1316 3711 1418 3775 usi
1462 3715 1631 3790 sunt,
1676 3708 2033 3790 exemplum
2055 3708 2478 3796 optativorum

238 3813 483 3892 sequuti
525 3812 821 3886 videntur
837 3862 853 3892 ,
922 3814 1030 3894 qui
1075 3818 1187 3878 aut
1228 3812 1308 3878 ab
1354 3813 1496 3877 aliis
1541 3808 1932 3893 temporibus
1977 3813 2052 3873 ut
2094 3810 2322 3895 σχοιήν
2366 3816 2478 3876 aut

238 3912 313 3977 ab
356 3915 481 3980 alio
525 3914 859 3981 verborum
903 3933 1134 3996 genere
1179 3921 1252 3982 ut
1276 3913 1511 4004 φιλ-οἵη
1536 3914 1823 3979 derivata
1846 3916 2009 3977 sunt.
2068 3911 2228 3978 Cum
2252 3911 2478 4001 σχοίην

238 4019 610 4083 conveniunt
655 4019 1013 4105 λαχοίην,
1080 4019 1247 4099 quod
1301 4018 1445 4083 EM.
1492 4016 1638 4082 558.
1683 4014 1767 4081 28
1834 4032 1911 4080 ex
1964 4016 2156 4083 tertia
2209 4027 2480 4098 persona

97 4205 100 4212 .
235 4117 554 4202 reflexum,
598 4121 715 4186 hoc
761 4125 973 4185 autem
1018 4139 1096 4185 ex
1140 4117 1324 4204 λάχοι
1369 4120 1608 4186 factum
1653 4120 1821 4199 dicit,
1890 4124 1956 4184 et
1997 4139 2037 4184 a
2078 4118 2270 4185 verbo
2314 4119 2478 4200 peri-

239 4238 533 4303 Spomeno
577 4229 720 4302 βιοῖ
759 4221 983 4312 βιοίη
1040 4222 1209 4289 κατὰ
1245 4223 1676 4308 πλεονασμὸν
1732 4218 1822 4300 ὥς
1868 4246 2304 4309 περιπατοιη,
2373 4220 2482 4286 καὶ

244 4320 376 4389 κατ’
449 4324 713 4394 ἔκτασιν
778 4322 950 4415 βιῴη
1020 4322 1113 4406 ὡς
1179 4321 1314 4418 δῴη
1379 4326 1587 4410 Epim.
1633 4327 1698 4392 Π
1743 4323 1887 4393 353.
1987 4326 2228 4391 Eodem
2295 4323 2479 4391 modo

337 4424 408 4468 ιο
416 4426 517 4472 boo
526 4427 579 4479 k
606 4429 672 4471 1²⁸
674 4430 781 4478 thol,
809 4403 2116 4480 11.15
