2946 4928
288 316 293 322 ’
409 317 539 386 254
835 343 838 344 ⁷
1058 350 1065 356 ·
1165 318 1727 387 DISSERTATIO
1781 319 1925 389 m

407 479 581 565 (206.
626 479 668 546 4
690 480 940 564 Bekk),
985 480 1052 549 ἐν
1111 486 1456 571 Βραυρῶνι
1500 482 1733 550 Herod.
1754 534 1771 565 ,
1816 482 1888 549 ἒν
1920 485 2270 551 Καλυδῶνι
2312 482 2528 564 Faus„
2596 482 2666 551 ἔν

407 583 863 674 Μυρρινοῦντι
907 583 1115 666 Paus„
1158 580 1229 652 ἐν
1274 588 1561 653 Σικυῶνι
1609 591 1728 653 eto.
1816 585 1958 652 Non
2002 586 2287 653 additam
2330 584 2523 662 schol.
2551 585 2660 653 Ar.
2728 657 2735 662 ,

407 685 561 778 Ach.
607 685 736 753 698
781 687 1197 769 supplendam
1241 707 1384 755 esse
1429 689 1619 770 dicit,
1686 693 1755 755 et
1797 689 2043 755 Atticos
2086 690 2259 770 ipsos
2313 687 2440 756 huc
2478 688 2658 756 incli-

407 801 597 854 nasse
641 789 850 881 colligi
891 795 1105 873 potest
1147 811 1228 857 ex
1270 791 1716 874 Aristophanis
1760 792 2077 871 versibuS‚
2144 792 2255 874 qui
2310 809 2453 857 eam
2467 836 2486 867 ,
2516 805 2524 812 ·
2554 789 2664 856 ubi

407 896 681 962 metrum
724 893 921 975 iubet,
966 894 1230 976 omittit,
1289 900 1364 962 ut
1405 895 1777 978 saepissime
1821 900 2013 980 Μαρ
2031 921 2074 962 α
2092 898 2293 961 ozan
2311 943 2328 969 ,
2397 893 2513 959 sed
2554 891 2665 959 ubi

406 994 665 1076 patitur,
708 996 1004 1079 resumit,
1070 1003 1146 1064 ut
1185 998 1254 1063 in
1296 996 1569 1065 formula
1610 997 1711 1064 bis
1754 999 2036 1080 repetita
2078 996 2189 1064 καὶ
2235 1000 2356 1064 τοῦ
2392 992 2455 1062 'v
2504 1001 2580 1061 Μ
2587 1022 2660 1063 α-

407 1101 672 1184 ραθῶνι
717 1101 1086 1186 προπαίου.
1151 1100 1480 1167 Bentleius
1524 1104 1739 1166 tamen
1782 1106 1849 1168 et
1867 1100 2208 1167 Elmsleius
2252 1100 2335 1165 ad
2357 1098 2512 1165 Ach.
2535 1096 2662 1164 343

406 1199 553 1267 hinc
597 1201 992 1268 eximendam
1034 1207 1263 1284 putant
1283 1201 1364 1285 *).
1429 1202 1508 1269 In
1541 1202 1809 1286 Lycurg.
1856 1203 2154 1273 cheocr.
2198 1221 2262 1285 p.
2283 1198 2430 1268 226.
2473 1202 2510 1286 ἓ
2540 1200 2664 1268 104

412 1302 614 1369 Bekk.
660 1304 817 1389 (210
859 1305 963 1389 R.)
1028 1301 1088 1372 οἳ
1146 1303 1216 1372 ἒν
1259 1309 1658 1394 Μαραθῶνι
1705 1303 2248 1395 παραταξάμενοι
2289 1323 2476 1372 nemo
2518 1323 2661 1385 mu·

404 1407 580 1488 tavit,
627 1408 742 1474 sed
784 1407 977 1476 Isocr.
999 1407 1230 1490 Paneg.
1256 1406 1356 1474 65.
1402 1407 1481 1474 91
1530 1405 1674 1492 (59)
1717 1428 1884 1476 nunc
1927 1410 2234 1492 scriptum
2258 1413 2359 1475 est
2403 1403 2440 1495 ἦ
2495 1411 2658 1474 Μα-

406 1512 671 1596 ραθῶνι
712 1507 889 1598 μάχη
933 1530 1051 1593 pro
1093 1512 1350 1595 vulgato
1395 1510 1464 1578 ἐν
1490 1515 1906 1601 Μαραθῶνι,
1954 1518 2020 1579 et
2053 1511 2286 1595 duplici
2306 1511 2494 1578 modo
2539 1513 2659 1597 τῆς

407 1614 803 1698 Μαραθῶνι
845 1609 1063 1703 μ’όχης
1126 1613 1240 1682 καὶ
1284 1617 1398 1701 τῆς
1472 1613 1542 1682 ἐν
1587 1619 1908 1700 Σαλαμῖνι
1956 1618 2320 1699 ναυμαχίας
2379 1614 2465 1680 id.
2507 1613 2671 1679 Phil.

410 1714 550 1782 125.
603 1713 722 1784 147
765 1716 966 1782 Bekk.
1013 1715 1200 1801 (112)
1237 1716 1355 1801 **).
1445 1717 1849 1803 Quantopere
1910 1719 1977 1785 in
2037 1719 2158 1788 hoc
2220 1735 2453 1800 genere
2514 1715 2663 1790 libri

408 1819 652 1884 varient
665 1868 683 1898 ,
748 1820 1117 1886 idemtidem
1162 1820 1534 1887 adnotatum
1589 1827 1690 1888 est
1755 1822 1834 1888 ab
1879 1821 2234 1888 Atticorum
2278 1820 2661 1902 scriptorum

404 1921 917 2003 explanatoribus
933 1972 948 2001 ‚
1016 1940 1175 2004 quos
1241 1922 1555 1990 Matthiae
1619 1924 1904 1990 nominat
1970 1924 2007 2008 ἓ
2053 1921 2199 1988 4Ο6.
2286 1922 2456 1990 Num
2507 1939 2660 1990 vero

405 2023 503 2089 dis
511 2024 745 2095 crimen
789 2024 974 2104 illud,
1045 2025 1215 2108 quod
1256 2025 1576 2109 Weberus
1615 2027 1698 2092 ad
1740 2026 1919 2093 Dem.
1972 2044 2030 2096 c.
2074 2026 2375 2092 Aristocr.
2422 2022 2546 2089 503
2593 2028 2663 2092 et

404 2126 513 2192 alii
564 2126 733 2192 inter
774 2131 1116 2211 utrumque
1157 2130 1553 2197 intercedere
1598 2133 1917 2210 statuunt,
1984 2129 2065 2195 ab
2111 2128 2401 2195 omnibus
2445 2145 2660 2193 serva-

406 2235 543 2295 tum
585 2230 688 2311 sit,
731 2230 915 2297 valde
962 2232 1224 2298 dubium
1264 2232 1501 2313 habe03
1555 2250 1683 2315 qua
1727 2233 1806 2298 de
1849 2251 1929 2302 re,
1964 2231 2116 2299 alibi
2159 2231 2497 2300 dicendum
2538 2230 2664 2296 erit

404 2333 732 2402 coniuncte
775 2352 919 2401 cum
964 2335 1193 2402 dativis
1238 2335 1724 2417 temporalibus,
1794 2336 2208 2414 πλακοῦντος
2273 2337 2395 2402 τοῦ
2442 2329 2508 2399 ’ν
2549 2357 2659 2401 τι·

402 2430 600 2524 τράδι
645 2436 1079 2521 πεπεμμένου
1140 2437 1252 2507 Ar.
1295 2438 1459 2505 Plut.
1512 2436 1706 2520 1126,
1772 2457 1856 2505 an
1921 2442 1995 2505 ut
2057 2437 2342 2504 nonnulli
2406 2436 2658 2506 codices

403 2543 521 2605 τοῦ
567 2537 857 2626 τετράδι.
943 2542 1066 2609 Hic
1108 2542 1268 2608 illud
1309 2543 1496 2608 modo
1542 2542 2005 2608 admonendum
2049 2546 2165 2622 est,
2219 2560 2259 2608 a
2298 2538 2658 2607 nominibus

265 2725 273 2735 α
401 2643 631 2710 tertiae
677 2643 1112 2710 declinationis
1154 2644 1461 2711 localibus
1506 2645 1828 2711 adverbia·
1849 2644 2025 2710 nulla
2044 2641 2357 2725 proficisci
2398 2646 2659 2723 praeter

402 2764 565 2828 quae
608 2746 675 2812 in
718 2745 1177 2830 diphthongum
1221 2751 1274 2820 δῖ
1319 2752 1568 2813 exeunt.
1660 2747 1824 2814 Nam
1869 2765 2031 2830 quae
2075 2745 2226 2813 olim
2255 2743 2427 2826 apud
2448 2743 2656 2811 ethni-

403 2849 790 2932 cographum
833 2850 1209 2932 legebantur
1258 2846 1680 2928 Ἐλευσινίω,
1751 2847 2301 2941 Μυρῥινουντίσι,
2355 2851 2655 2935 Φηγουν-

401 2950 558 3033 τίσι,
602 2953 731 3019 iam
779 2959 1072 3023 correcta
1114 2959 1266 3020 sunt
1290 2953 1360 3037 ⁸).

575 3056 611 3140 ς
657 3054 718 3121 5.
802 3055 862 3121 A
905 3056 1110 3122 tribus
1132 3055 1703 3135 terminationibus,
1734 3073 1908 3137 quas
1931 3053 2424 3137 peragravimus,
2458 3050 2655 3132 Apol·

402 3157 607 3223 lonius
650 3156 797 3224 575.
843 3157 929 3224 24
974 3160 1367 3226 discriminat
1433 3158 1741 3241 syllabam
1786 3158 1882 3244 ᾇῖῑ,
1951 3156 2129 3222 cuius
2193 3173 2380 3221 usum
2443 3170 2657 3236 gram-

401 3260 616 3335 matici
660 3261 1109 3328 vocabulorum
1158 3261 1470 3328 rariorum
1537 3259 1810 3341 origines
1855 3277 1895 3324 a
1938 3258 2128 3324 certis
2194 3256 2483 3324 dialectis
2547 3274 2653 3324 re-

400 3368 622 3445 petere
641 3363 962 3445 obstinati,
995 3364 1181 3430 modo
1203 3364 1499 3431 universe
1522 3362 1822 3429 Aeolibus
1845 3359 2220 3441 attribuunt,
2263 3360 2451 3429 modo
2474 3376 2653 3427 seor-

401 3483 543 3530 sum
564 3466 822 3534 Boeotis
847 3466 1241 3534 Thebanisve
1264 3472 1337 3533 ut
1356 3465 1550 3533 schol.
1571 3465 1645 3531 11.
1667 3463 1823 3530 XXI
1843 3461 1969 3529 295
1989 3457 2229 3550 Ἰλιόφι
2249 3501 2319 3511 -
2353 3459 2655 3551 συνήθης

409 3567 738 3657 Θηβαίοις
781 3567 818 3637 ὁ
867 3566 1318 3659 σχηματισμός
1353 3574 1492 3651 etc„
1535 3589 1593 3635 v.
1614 3567 1931 3632 Muetzell.
1977 3565 2059 3631 ad
2100 3565 2254 3631 Hes.
2278 3565 2510 3648 Theog.
2545 3562 2651 3646 61,

537 3808 593 3875 8)
628 3811 785 3875 Quod
820 3810 1177 3878 Goettlingius
1212 3810 1278 3862 de
1311 3809 1438 3865 Acc.
1477 3810 1583 3865 355
1637 3811 1788 3875 dicit,
1840 3810 1942 3863 hos
1994 3822 2115 3862 esso
2157 3808 2369 3861 dativos
2413 3806 2653 3875 plurales

399 3896 656 3963 pleneque
690 3898 794 3951 diei
820 3894 1146 3951 Ἐλευσινίω
1174 3892 1402 3965 χώραις,
1437 3897 1618 3948 dubito
1652 3913 1723 3949 an
1757 3897 1968 3949 credere
2002 3895 2231 3947 desierit.

539 3981 594 4048 *)
630 3981 1170 4052 Exemermztaquq.
1189 3981 1325 4036 1334
1359 3989 1409 4034 et
1442 3979 1744 4050 Vnam-711
1781 3982 1971 4051 Ber-97⁶.
2007 3978 2314 4044 etMet’vaek„
2346 3987 2394 4032 a·
2431 3977 2511 4032 hie
2538 3978 2651 4031 iam

398 4070 549 4124 etiam
579 4069 639 4123 in
671 4069 925 4123 Holcadd.
947 4071 1065 4139 srq‘.
1100 4068 1246 4137 apud
1276 4068 1462 4121 Aram.
1500 4069 1606 4121 111
1634 4065 1730 4122 111
1769 4067 1821 4120 A
1852 4066 2096 4120 Ehmlaco
2131 4067 2389 4120 obtectum
2421 4062 2516 4118 διὰ
2550 4067 2651 4118 τοῦ

401 4156 724 4231 Μαραθῶνι
757 4159 1029 4228 τροπαίου
1063 4154 1264 4223 sempsit
1298 4171 1402 4221 pro
1435 4171 1524 4219 eo,
1577 4153 1714 4223 quod
1755 4162 1803 4205 et
1832 4152 1942 4220 ipse
1981 4152 2113 4207 Οοπι.
2149 4152 2280 4222 Rq.
2318 4152 2398 4205 II
2416 4169 2472 4219 p.
2509 4147 2646 4207 1121

398 4251 447 4296 et
478 4243 630 4296 ceteri
660 4241 914 4295 Athernei
945 4239 1158 4294 editores
1191 4257 1220 4292 e
1252 4238 1501 4294 codicibus
1535 4246 1851 4294 mmet-mm
1884 4236 1980 4292 διὰ
2015 4234 2150 4292 τοῦν
2183 4241 2267 4291 Μ.
2305 4234 2595 4310 τρόπαιον.

502 4327 591 4395 *Ἴ
624 4329 745 4382 Δία
758 4329 864 4382 loeo
881 4327 1147 4396 adm-ipa:
1184 4328 1281 4391 „tv
1297 4326 1545 4379 Σικυῶνι
1562 4327 1656 4379 καὶ
1670 4320 1928 4400 Ἀθήνῃσι
1944 4326 2210 4393 Theophr.
2228 4326 2301 4380 H.
2317 4323 2485 4380 PLVI
2500 4321 2653 4382 7.2.‘⁴
