2946 4928
479 338 593 404 nn
641 335 1139 418 SYNAERESI,
1184 338 1584 405 nmnnnsl
1629 346 1746 407 etc.
1809 340 1878 407 P.
1901 292 1984 406 u.
2032 303 2098 406 c.
2123 340 2171 406 1.
2219 343 2272 426 ξ.
2299 340 2355 406 3.
2468 337 2552 419 59,

303 502 584 585 positum
624 507 755 583 est,
821 523 878 568 v.
921 502 1139 568 Rhem.
1186 502 1268 570 27
1315 523 1436 588 sq.,
1505 510 1571 571 et
1636 506 1856 572 duales
1913 505 2197 572 eiusdem
2239 504 2543 587 temporis

306 599 406 671 ἆπ
416 627 467 670 ει
478 603 697 693 λῄτην,
740 600 909 686 'quod
928 605 1330 672 Herodianus
1370 613 1593 690 tropae
1638 606 1956 687 adscribit,
2004 611 2069 671 et
2112 611 2342 688 cetera,
2387 625 2549 688 quae

306 710 405 775 ad·
434 710 674 775 Buttm.
729 708 794 773 Π
838 707 962 773 255
1010 708 1500 790 adnotavimus3
1570 706 1940 796 δορπήτην,
2006 710 2175 790 quod
2215 710 2549 777 Bekkerus

303 812 672 893 introduxit,
720 829 759 874 a
802 809 1137 876 Dindorfio'
1171 813 1524 894 relegatum
1567 817 1692 891 est,
1740 813 1852 878 sed
1905 817 2154 878 constat
2195 818 2301 878 eta
2342 811 2547 878 infini-

294 915 580 981 -tivorum
626 910 1044 996 πενθήμεναι
1089 918 1205 979 ete.

482 1019 536 1102 (ᾗ.
595 1016 653 1082 3.
742 1013 1066 1083 Conflictio
1137 1017 1403 1081 duorum
1464 1019 1513 1086 22
1579 1017 1823 1082 Latinis
1882 1016 2296 1098 perfrequens
2362 1037 2551 1098 quam

305 1121 558 1202 ingrata
619 1118 814 1184 fuerit
858 1117 1244 1183 Graecorum
1310 1118 1572 1183 auribus
1586 1170 1600 1198 ,
1668 1119 1961 1186 facillime
2029 1120 2426 1202 cognoscitur
2470 1139 2548 1183 ex

308 1222 538 1287 dativis
581 1221 924 1300 nominum,
970 1239 1132 1301 quae
1178 1221 1523 1300 genitivum
1567 1224 1633 1286 in
1675 1227 1777 1299 ’,ἶ
1799 1223 2052 1289 habent,
2141 1224 2215 1288 In
2258 1223 2358 1288 his
2382 1224 2550 1288 enim

307 1324 470 1388 duae
529 1328 849 1388 extremae
894 1324 1142 1388 vocales
1210 1328 1324 1387 aut
1386 1325 1451 1388 in
1519 1343 1710 1391 unam
1777 1326 2028 1407 longam
2093 1325 2549 1391 contrahuntur

310 1423 578 1509 (πόλιος
622 1422 831 1509 πάλι),
900 1430 1011 1492 aut
1075 1427 1143 1490 in
1207 1428 1557 1508 penultima
1610 1446 1725 1508 pro
1779 1429 1910 1493 iota
1952 1427 2265 1508 recipiunt
2309 1425 2550 1506 epsilon

306 1525 591 1611 (πόλεϊ),
632 1522 717 1606 ,de
761 1546 886 1609 quo
928 1527 1386 1613 Herodianus¹)
1433 1530 1516 1594 ad
1550 1529 1744 1595 11.111
1787 1527 1911 1595 219
1960 1523 2253 1604 αἶ’Ίωνες
2298 1524 2552 1593 τούτων

307 1634 436 1695 τῶν
462 1631 874 1715 γινικιῦντὰς
905 1628 1418 1719 παραληγούσας
1444 1633 1891 1719 προφέρονται
1932 1632 2044 1698 διὰ
2070 1634 2187 1696 τοῦ
2232 1633 2288 1714 ἶ,
2335 1629 2447 1712 τὴν
2475 1628 2548 1696 δὲ

308 1731 574 1818 δοτικὴν
606 1730 716 1797 διὰ
740 1737 856 1800 τοῦ
884 1736 938 1818 ξ
989 1729 1131 1815 οὖχὶ
1160 1733 1232 1801 δὲ
1258 1731 1367 1801 διά
1395 1737 1557 1803 τοῦἶ
1587 1734 1695 1800 διὰ
1744 1734 1814 1799 τὸ
1842 1730 2245 1818 κακόφωνον.
2296 1729 2546 1798 Μάντιι

302 1832 720 1916 trisyllabum,
745 1855 869 1917 quo
890 1837 1174 1919 Heynius
1199 1842 1265 1902 et
1278 1834 1649 1918 Spitznerus
1673 1835 1755 1902 ad
1768 1835 1926 1902 XIII
1950 1832 2036 1901 69'
2055 1840 2336 1915 utuntur,
2360 1853 2546 1900 nemo

304 1937 483 2017 dixit,
507 1954 625 2002 nec
639 1937 842 2003 simile
865 1939 1225 2020 quidquam,
1252 1939 1365 2004 sed
1389 1937 1711 2021 ειιημάντι
1735 1943 1846 2004 aut
1858 1937 2103 2020 μάντεϊ,
2121 1938 2288 2003 unde
2311 1935 2548 2002 factum

302 2045 406 2106 est
449 2056 777 2105 commune
819 2037 1045 2123 μάντει
1096 2041 1298 2107 literis
1352 2043 1475 2112 ‘get
1508 2043 1536 2110 ’ἱ
1574 2042 1641 2106 in
1685 2040 2140 2123 diphthongum
2185 2042 2540 2107 contractis.

306 2141 482 2219 Quae
527 2141 794 2206 mutatio
840 2142 963 2206 etsi
1007 2142 1088 2209 ad
1133 2144 1568 2224 quaestionem
1613 2143 1692 2208 de
1735 2143 2056 2208 vocalibus
2102 2142 2396 2209 brevibus
2420 2141 2544 2207 P.1

306 2263 440 2326 cap.
458 2244 490 2308 1
507 2244 562 2327 ἕ.
578 2243 618 2307 2
642 2262 700 2324 p.
726 2242 796 2306 15
813 2262 945 2325 sqq.
969 2245 1263 2325 pertinet,
1282 2251 1495 2315 tamen
1520 2246 1797 2311 hocloco
1822 2246 2150 2311 coniuncte
2175 2264 2320 2311 cum
2338 2247 2545 2328 prima

305 2352 373 2412 et
394 2346 673 2412 secunda
717 2341 924 2427 specie
970 2349 1303 2413 tractanda
1347 2356 1461 2414 est.
1538 2349 1750 2413 Prima
1793 2348 1903 2413 illa
1937 2349 2107 2430 apud
2152 2348 2541 2414 Herodotum

302 2455 551 2516 ceteras
596 2467 858 2515 numero
905 2450 1332 2531 exemplorum
1376 2452 1467 2515 ita
1514 2456 1799 2533 superat,
1867 2456 1941 2517 ut
1982 2452 2262 2518 nonnulli
2307 2451 2570 2532 ubique„

299 2551 646 2618 tenendum
711 2551 1098 2623 arbitrentur
1136 2551 1375 2637 μάντι,
1431 2550 1610 2628 πόλι,
1659 2576 1714 2619 v.
1760 2554 2027 2619 Bredov.
2072 2574 2131 2635 p.
2178 2552 2322 2619 266.
2351 2599 2357 2604 -
2382 2563 2386 2567 ’
2411 2554 2540 2618 Ho-

300 2656 678 2722 mericorum
747 2656 1100 2720 certissima
1164 2662 1316 2721 sunt
1377 2658 1504 2722 tria
1546 2657 1685 2737 illa,
1732 2677 1895 2739 quae
1942 2655 2415 2724 Choeroboscus
2462 2657 2541 2722 de

302 2759 454 2823 Ton.
489 2755 615 2821 417
643 2755 828 2824 affert
855 2758 1032 2830 Θέτι,
1079 2755 1304 2840 μάστι,
1349 2756 1530 2845 μήτι,
1577 2762 1643 2825 in
1687 2761 1914 2842 quibus
1958 2760 2104 2825 libri
2149 2759 2541 2840 conspirant,

230 2849 233 2850 ⁷
300 2861 416 2925 sed
460 2861 539 2925 de
587 2855 805 2946 κνήστι
870 2860 942 2923 11.
989 2861 1082 2924 XI
1124 2859 1252 2926 640
1319 2863 1583 2927 adnotat
1626 2862 2004 2928 Eustathius
2073 2860 2242 2938 τινὲς
2287 2859 2396 2927 διὰ
2445 2863 2541 2926 δι-

300 2957 607 3051 φθόγγαυ
652 2958 1045 3048 γράφουσιν,
1093 2969 1159 3028 et
1200 2964 1363 3030 hanc
1408 2964 1655 3030 codices
1701 2967 1941 3047 aliquot
1981 2969 2312 3046 praestant
2330 2963 2543 3029 XXIV

304 3062 386 3130 18
431 3063 500 3131 ἐν
546 3059 721 3130 κ’όνει
771 3061 1128 3143 ἐκτανύσας
1171 3085 1287 3147 pro
1311 3066 1471 3148 κόνι,
1497 3069 1665 3149 quod
1695 3070 1828 3133 sine
1853 3066 2207 3133 differentia
2237 3068 2540 3147 scriptum

299 3171 401 3238 est
414 3165 531 3232 Od.
546 3165 640 3231 XI
656 3164 793 3232 191.
824 3165 1266 3250 Diphthongus
1289 3172 1455 3238 redit
1480 3173 1545 3235 in
1568 3173 1842 3252 quinque
1863 3169 2273 3252 sequentibus
2293 3165 2541 3254 ἀγύρει,

297 3267 512 3355 ἴβρει,
541 3263 726 3356 ὄψει,
764 3266 982 3350 πόλει,
1018 3267 1203 3336 πόσει
1235 3272 1460 3355 [Bekk.
1490 3269 1679 3359 ἀγύρι
1708 3273 1872 3356 ete.],
1921 3272 2033 3336 sed
2057 3273 2180 3336 duo
2203 3277 2540 3353 postrema,

298 3374 353 3438 si
398 3390 623 3456 versus
667 3372 886 3452 poscit,
933 3373 1014 3436 ad
1058 3374 1338 3438 nativam
1382 3372 1648 3439 formam
1692 3379 2100 3440 revocantur:
2147 3374 2537 3459 χαριζομένη

300 3472 508 3543 πόσεϊ
550 3464 623 3560 ᾧ,
671 3463 838 3555 quod
880 3473 1022 3539 EM.
1082 3473 1215 3540 ³36.
1269 3476 1345 3540 17
1393 3481 1595 3541 metro
1641 3475 1934 3541 effectum
1979 3471 2164 3556 dicit,
2195 3477 2540 3557 eademque

297 3578 684 3646 necessitate
728 3595 1097 3657 expressum
1144 3573 1378 3644 αι’»’τόθ’
1410 3578 1505 3645 ἐνὶ
1530 3578 1769 3646 πτόλεϊ
1789 3573 1992 3646 λίπετ’
2045 3573 2208 3663 ἀνήρ
2234 3579 2306 3644 Il.
2329 3578 2542 3644 XXIV

300 3681 452 3761 7073
523 3679 638 3745 sed
702 3679 768 3744 id
831 3680 1112 3748 nonnihil
1146 3680 1527 3748 'offensionis
1593 3683 1889 3748 habuisse
1938 3682 2186 3758 {indicat
2230 3683 2543 3763 scriptura

296 3784 645 3849 editionum
686 3788 974 3847 veterum
1016 3784 1303 3863 quamvis
1368 3785 1806 3867 improbabilis.
1867 3779 2111 3851 αὐτόθι
2170 3781 2286 3851 εἰνὶ
2347 3780 2538 3851 πόλει

297 3881 621 3953 λίπετ’-.
652 3884 834 3950 Nunc
877 3889 1173 3966 receptae
1204 3888 1500 3970 convenit⁴
1534 3873 1775 3966 μάντεϊ
1794 3883 2134 3969 εἰδόμενος
2162 3906 2419 3954 versum
2442 3890 2537 3952 in-

296 3990 534 4055 choans
558 3986 718 4052 XIII
742 3984 843 4067 69,
891 4007 1013 4069 quo
1037 3988 1101 4052 in
1124 3988 1285 4068 pede
1309 3989 1459 4053 alibi
1483 3989 1776 4070 leguntur
1802 3992 2061 4071 spondei
2082 3989 2262 4076 μήτι,
2292 3988 2535 4077 κνήστι,

299 4091 529 4176 [Bekk.
553 4084 778 4173 μάντι]
804 4094 870 4155 et
889 4090 981 4154 ini
1005 4091 1208 4156 Simile
1231 4091 1607 4156 adiectivum
1631 4086 1854 4178 ἀΐδρεϊ
1872 4094 2042 4179 φωτὶ
2066 4092 2317 4181 ἐοικώς.
2362 4093 2538 4156 Haec
2593 4167 2611 4184 ·

438 4316 488 4378 l)
527 4313 860 4366 Herodorum
897 4316 1130 4383 appellat
1162 4314 1473 4368 Eustathius
1513 4311 1632 4368 407.
1671 4315 1755 4369 42.
