2946 4928
663 331 778 398 DE
823 328 1618 398 PROSCHEMATISMO.
1708 329 1776 395 P.
1801 329 1850 395 I.
1897 328 1963 396 O.
1989 330 2071 397 II.
2119 329 2172 416 ἓ.
2197 330 2255 397 8.
2448 332 2567 400 185

313 500 469 567 ioris
515 497 806 566 ambitus
896 496 1000 564 Sic
1045 494 1558 563 Theocriteorum
1603 494 1756 574 duo,
1824 498 2114 561 octavum
2181 498 2247 561 et
2311 496 2566 563 undeci-

310 621 506 683 mum,
553 607 760 687 γᾶμεν
777 626 786 633 ·
803 605 869 667 et
914 599 1156 668 ἔδωκεν
1197 599 1265 664 in
1310 598 1718 663 acroteleutio
1761 597 2022 679 habent,
2077 597 2261 664 Arati
2282 599 2566 668 Phaeno—

313 724 504 772 mena
551 704 887 781 λέγουσιν,
956 721 1145 786 quam
1190 704 1272 768 ad
1315 720 1603 767 normam
1646 701 1859 768 nescio
1905 720 1984 767 an
2054 697 2461 788 ἀλλήλοισιν
2502 704 2569 769 in

316 807 527 888 Quint.
573 806 645 873 L.
691 807 786 872 IX
828 807 940 871 ult.
985 806 1407 872 revocandum
1452 806 1552 871 sit.
1605 843 1675 853 -
1726 805 1965 871 Verum
2008 805 2179 870 idem
2223 806 2417 872 etiam
2461 825 2566 873 ex—

315 917 421 979 tra
462 929 719 977 versum
761 908 1200 989 vocabuliS‚
1269 908 1554 991 quibus
1600 907 1834 988 liber,
1881 907 2260 990 epistola,
2307 911 2566 975 oratio

318 1015 350 1082 f
357 1015 634 1096 initur,
682 1013 905 1080 subiici
950 1013 1127 1080 solet.
1216 1012 1317 1077 Ad
1360 1013 1527 1078 hunc
1569 1012 1826 1079 modum
1848 1009 2172 1085 Plutarchi
2216 1012 2384 1077 vitae
2428 1010 2567 1077 fini-

316 1122 510 1185 untur
554 1118 636 1183 ad
678 1136 874 1183 unum
917 1134 1161 1182 omnes:
1232 1121 1557 1204 προεῖπεν
1599 1114 1757 1196 Nic„
1825 1110 2267 1202 κατεγήρασεν
2313 1113 2566 1196 Sertor.‚

317 1217 667 1289 ἀπέθανεν
711 1221 833 1288 Jul.
884 1219 1082 1301 CaeS.‚
1126 1219 1281 1284 item
1326 1216 1461 1283 Cat.
1508 1217 1680 1299 Min.‚
1729 1211 2116 1285 ἆπὲκτεινεν
2158 1217 2336 1299 Mar..
2397 1212 2560 1314 ἄπρ-

306 1322 692 1408 κομίζουσιν
714 1322 911 1403 Publ.,
939 1319 1112 1389 ἐστίν
1143 1322 1341 1402 Brut„
1380 1315 1701 1387 ἀπέλιπεν
1738 1318 1939 1403 Galh„
1987 1319 2232 1409 ἔθηκεν
2268 1321 2565 1403 Pompei„

285 1425 627 1516 ⁴.<}⁷1‘oc'17‹m›
652 1425 865 1508 Comp.
889 1425 1025 1491 Nic.
1052 1430 1118 1490 et
1140 1424 1369 1506 Crass,
1402 1421 1674 1507 ἔμελλεν
1700 1422 1913 1506 Comp.
1937 1423 2131 1489 Arist.-
2157 1429 2223 1489 et
2246 1422 2400 1504 Cat,
2434 1423 2566 1489 ἐκέ-

311 1532 542 1598 λευσεν
564 1530 745 1596 Dion.
771 1534 838 1595 et
865 1529 1045 1594 Brut.
1066 1549 1081 1609 3
1119 1529 1384 1610 aliisque
1407 1526 1735 1594 vocabulis
1757 1526 2118 1593 huiusmodi
2138 1527 2388 1593 Aeliani
2410 1529 2569 1594 liber

310 1632 1198 1718 primus‚He110doriquartus‚
1211 1632 1472 1698 Achillis
1491 1631 1627 1696 Tat.
1642 1636 1876 1712 sextuS,
1890 1616 2275 1698 Artemidori
2286 1631 2562 1712 quintus,

313 1738 427 1821 qui
468 1737 631 1803 liber
653 1741 753 1803 est
773 1736 969 1802 totius
982 1736 1191 1817 operis
1205 1735 1464 1801 ultimus
1481 1755 1495 1816 3
1520 1753 1724 1818 neque
1739 1752 1924 1820 secus
1934 1734 2264 1800 Tbemistii
2274 1732 2380 1799 Or.
2392 1733 2566 1825 Vm,

315 1840 581 1908 Maximi
606 1840 748 1923 Tyr.
772 1838 939 1905 Diss.
964 1837 1325 1918 XXXVIII,
1347 1838 1642 1905 Philostr.
1667 1838 1803 1904 Iun.
1820 1838 2064 1920 ‘Imagg.
2087 1838 2196 1904 VI.
2243 1837 2346 1903 Sic
2376 1838 2569 1903 etiam

313 1945 613 2010 excidunt
656 1948 942 2009 veterum
984 1942 1155 2009 libri:
1204 1933 1369 2008 ὦσιν
1411 1941 1574 2008 Plat.
1606 1943 1799 2025 Legg.
1821 1941 1998 2024 VIII,
2045 1940 2384 2009 ἀπέθανεν
2406 1941 2563 2007 Xen.

310 2044 483 2112 Hell.
528 2045 601 2112 L.
647 2046 711 2131 I,
756 2052 822 2111 et
862 2052 995 2112 tres
1025 2044 1469 2111 Demosthenis
1495 2045 1839 2111 orationes:
1873 2040 2178 2133 Ἕλλησιν
2200 2042 2369 2114 Fals.
2393 2045 2562 2127 Lag„

314 2148 779 2236 παραβέβηκεν
805 2149 885 2216 de
908 2147 1069 2215 foed.
1095 2149 1268 2214 Alex.
1294 2149 1628 2214 κατέλιπεν
1643 2165 1693 2214 c.
1719 2148 2053 2232 Thimoth.,
2080 2145 2256 2216 ἐστίν
2278 2150 2561 2215 Prooem.

311 2252 429 2318 ult.
477 2257 544 2318 et
587 2251 898 2333 Theophr.
942 2251 1022 2318 H.
1068 2252 1161 2317 Pl.
1205 2251 1276 2317 L.
1323 2250 1371 2316 I.
1462 2249 1624 2316 Sunt
1669 2269 1822 2318 sane
1869 2251 2180 2334 quaedam
2212 2253 2565 2321 contrariae

309 2355 579 2422 rationis
625 2355 938 2438 exempla:
1009 2351 1228 2443 εἴρηκε
1295 2355 1362 2419 in
1405 2352 1530 2420 fine
1575 2355 1876 2421 orationis
1920 2354 2098 2435 Dem.
2166 2374 2217 2422 c.
2261 2355 2563 2422 Aristocr.

311 2456 489 2545 (693.
534 2458 805 2544 Reisk.)‚
874 2458 975 2525 cui
1016 2458 1348 2525 Bekkerus
1412 2463 1488 2526 νῢ
1532 2457 1805 2540 addidit,
1873 2457 2244 2543 σχολάζωσι
2288 2457 2562 2542 Alciphr.

308 2562 388 2629 L.
432 2562 674 2644 IHEp.
720 2561 822 2643 41,
868 2559 1200 2629 ἔκτίσουσι
1247 2562 1348 2628 ΠΙ
1388 2563 1506 2646 Ep.
1552 2564 1611 2644 2,
1657 2557 2016 2651 γεννήσωσι
2059 2563 2322 2647 Pythag.
2365 2562 2482 2645 Ep.
2513 2562 2562 2643 I,

311 2665 469 2732 alibi
512 2665 688 2731 codd.
734 2665 900 2732 inter
942 2670 1280 2747 utrumque
1312 2663 1649 2731 fluctuant:
1700 2666 2080 2756 συνέγραψε
2127 2671 2194 2733 et
2220 2703 2291 2713 —
2324 2680 2453 2755 ψεν
2498 2666 2565 2731 in

318 2768 600 2852 Thucyd.
643 2767 713 2834 L.
758 2768 842 2849 Π,
888 2768 989 2834 III
1032 2773 1098 2835 et
1139 2769 1229 2835 IV
1239 2767 1316 2852 ¹),
1364 2770 1698 2855 τρυφῶσιν
1742 2771 2105 2837 Philostrat.
2152 2770 2388 2851 Imagg.
2432 2769 2487 2833 L
2531 2768 2563 2834 I

308 2872 534 2939 tabula
554 2871 716 2937 XIII
745 2872 1077 2939 Jacobsius
1123 2891 1158 2937 e
1202 2872 1419 2937 multis
1465 2872 1641 2937 codd.
1672 2873 1928 2953 ascivit,
1976 2875 2042 2938 et
2084 2867 2450 2957 τραύμασιν
2490 2871 2561 2938 L.

309 2974 384 3041 11
425 2974 553 3041 tab.
596 2974 688 3040 IV
732 2993 809 3039 ex
853 2994 976 3040 uno
1020 2973 1185 3040 Flor.
1278 2972 1403 3039 Sed
1445 2973 1557 3039 illa
1599 2979 1731 3039 tam
1785 2975 2002 3042 multis
2046 2974 2334 3058 partibus
2378 2994 2562 3058 prae-

310 3077 644 3161 ponderat,
676 3082 750 3143 ut
790 3097 907 3159 prov
929 3078 1227 3144 canonica
1269 3078 1494 3143 haberi
1535 3078 1755 3160 possit.
1846 3078 2026 3156 Quod
2060 3078 2255 3161 igitur
2275 3079 2562 3145 rhetores

311 3180 528 3246 Latini
572 3181 927 3246 oratoribus
973 3181 1260 3260 suadent,
1306 3184 1380 3245 ut
1421 3180 1489 3245 in
1532 3180 1707 3248 exitu
1748 3183 1950 3265 longis
1971 3182 2183 3265 potius
2207 3200 2397 3263 quam
2418 3181 2561 3246 bre—

315 3281 499 3348 vibus
541 3271 803 3348 utantur
849 3282 1124 3366 syllabiS‚
1169 3283 1288 3348 hoc
1328 3283 1499 3348 idem
1542 3284 1785 3351 librarii
1830 3285 2123 3352 subtilius
2169 3284 2402 3350 eruditi
2469 3282 2560 3349 af-

312 3384 589 3454 sectasse
633 3386 926 3453 videntur
972 3386 1402 3452 additamento
1446 3388 1750 3471 temporis
1793 3390 1894 3456 vel
1940 3390 2063 3475 (ut
2106 3388 2309 3455 dicam
2323 3438 2338 3469 ‚
2408 3406 2561 3469 quo-

309 3489 503 3555 modo
546 3490 831 3573 possum)
879 3489 1357 3571 semitemporiS,
1403 3492 1571 3573 quod
1616 3510 1888 3560 consona
1934 3490 2135 3559 affert.
2165 3526 2236 3539 --
2279 3490 2420 3557 Alia
2457 3484 2565 3556 'est

313 3591 590 3659 conditio
632 3591 1093 3672 vocabulorum,
1140 3592 1369 3674 quibus
1414 3595 1724 3677 singula
1789 3596 2141 3662 eiusdem
2184 3594 2371 3661 libri
2436 3613 2561 3660 ca-

308 3695 483 3778 pita
547 3696 983 3761 terminantur.
1072 3695 1189 3760 His
1237 3696 1405 3762 enim
1448 3697 1636 3764 litera
1677 3700 1788 3765 illa
1831 3698 1979 3764 addi
2001 3699 2186 3790 ⁸solet
2238 3717 2362 3764 non
2405 3717 2560 3781 pau-

312 3815 424 3863 sae
470 3798 909 3881 aggravandae
954 3815 1162 3878 causa,
1210 3799 1323 3865 sed
1366 3806 1627 3883 propter
1669 3802 1940 3885 hiatum,
1988 3803 2074 3885 si,
2142 3802 2309 3884 quod
2352 3802 2560 3884 proxi-

312 3919 489 3967 mum
535 3905 635 3967 est
679 3906 886 3983 caput,
931 3901 1211 3967 vocalem
1254 3903 1321 3967 in
1362 3903 1670 3985 principio
1712 3905 1938 3987 habet3
2005 3905 2208 3972 omitti
2261 3924 2438 3985 vero,
2508 3905 2563 3970 si

312 4022 673 4085 consonam,
718 4010 793 4069 ut
811 4005 877 4070 in
898 4004 1102 4086 primo
1126 4004 1508 4089 Thucydidis
1531 4005 1692 4072 libro
1717 4005 2120 4096 ἐμμεμένηκε
2147 4024 2196 4073 c.
2230 4006 2288 4088 5,
2337 4005 2562 4090 ἔχουσι

454 4158 510 4224 1)
547 4148 759 4212 Νοωισ
778 4166 873 4226 est,
908 4162 1071 4214 libros
1091 4161 1462 4229 Thucydideos
1501 4162 1568 4213 ab
1605 4163 1723 4215 aliis
1760 4163 1912 4215 aliter
1952 4164 2240 4231 descriptos
2276 4169 2328 4216 et
2364 4166 2560 4232 depun-

312 4253 428 4301 ctos
467 4262 603 4311 esse,
638 4262 689 4300 v.
709 4248 874 4316 Popp.
910 4248 1052 4301 Prol.
1090 4248 1116 4300 1
1153 4248 1235 4314 74,
1273 4247 1368 4301 sed
1403 4249 1536 4300 nihil
1569 4250 1752 4315 refert3
1789 4266 1912 4302 nam
1946 4251 2036 4304 illo
2070 4251 2237 4328 verbo
2273 4256 2411 4302 certe
2447 4249 2559 4302 fini·

308 4338 399 4387 tur
431 4334 690 4388 narratio.
