2946 4928
608 315 722 382 DE
765 315 1561 385 PROSCHEMATISMO.
1633 318 1703 386 Ρ.
1725 318 1840 386 ΠΙ.
1887 318 1954 386 G.
1979 319 2061 386 H.
2107 319 2164 405 ξ.
2189 319 2248 387 3.
2310 420 2313 421 ⁷
2417 318 2540 386 241

304 476 475 563 ficat,
522 479 636 546 sed
677 480 801 546 ubi.
886 481 1150 563 Praeter
1191 482 1311 549 hoc
1354 482 1654 550 adverbia
1696 489 1883 550 aucta
1927 502 1966 549 a
2007 502 2136 549 non
2181 484 2383 563 auctijs
2429 483 2549 549 dif-

306 581 522 648 ferunt
566 601 717 650 sono
761 589 1027 667 tantum,
1074 604 1198 668 quo
1223 589 1424 668 δεῖξις
1467 587 1927 669 quodammodo
1970 587 2336 670 intenditur,
2383 587 2553 670 quod

306 686 478 751 idem
521 687 691 780 valet
734 686 812 752 de
858 686 1141 754 τοσόσδε
1187 694 1303 755 etc.
1394 688 1461 754 Si
1505 708 1654 756 vero
1695 689 1853 755 haec
1898 689 2139 773 syllaba
2182 691 2555 757 accusativis

307 789 629 856 nominum
670 790 878 855 locum
922 789 1418 871 significantibus
1463 792 1736 873 accedit,
1802 797 2186 874 potestatem
2227 794 2552 876 praeposi-

305 893 496 958 tionis
565 890 657 972 εἰς
701 893 972 975 acquirit
1017 900 1267 960 servato
1321 902 1610 962 accentu:
1680 888 1864 962 οἶκον
1932 896 2008 965 δέ
2071 902 2144 961 ut
2190 891 2423 982 αὔριον
2483 892 2552 976 ἔς

308 994 429 1062 Od.
472 997 598 1062 VII
642 996 787 1076 318,
833 1002 1047 1062 κακῶν
1092 996 1324 1077 effeto.
1412 998 1517 1064 Ita
1558 999 1765 1082 Etym.
1812 999 1974 1065 Gud.
2019 997 2164 1064 568.
2211 998 2293 1065 53
2352 999 2561 1064 interi

306 1104 598 1182 pretatur
638 1096 911 1187 χορόιιδε
958 1102 1243 1182 quamvis
1289 1102 1536 1169 diverse
1582 1103 1917 1184 scriptum:
1984 1106 2059 1167 τὸ
2114 1101 2193 1169 δέ
2247 1096 2366 1168 οὐκ
2411 1100 2551 1168 ἔστι

303 1203 502 1289 μέρος
550 1198 772 1287 λόγου,
822 1199 991 1268 ἀλλὰ
1034 1201 1309 1291 μόριον·
1367 1205 1779 1290 λαμβάνεται
1826 1205 1900 1273 δὲ
1943 1201 2085 1271 ἀντὶ
2131 1211 2244 1292 τῆς
2290 1204 2552 1292 προθέ-

309 1328 501 1383 σεως.
590 1305 688 1371 Ne
732 1324 883 1371 vero
925 1305 1112 1386 haec,
1179 1311 1253 1371 ut
1293 1307 1386 1372 ita
1430 1309 1665 1388 dicam,
1720 1308 2093 1392 postpositio
2136 1326 2252 1388 pro
2297 1307 2552 1372 coniun-

308 1409 517 1473 ctione
564 1408 964 1475 adversativa
1008 1409 1377 1491 accipiatur,
1445 1412 1728 1477 nonnulli
1795 1429 1938 1476 eam
1995 1394 2232 1475 nomini
2289 1410 2551 1493 propius

306 1513 725 1578 admoverunt
769 1517 1032 1578 accentu
1079 1511 1264 1577 simul
1307 1513 1641 1579 reclinato:
1700 1504 1976 1580 οἶκόνδε.
2066 1512 2275 1594 Atque
2331 1513 2553 1599 eadem

307 1621 504 1681 causa
554 1615 805 1681 videtur
857 1614 1082 1696 fuisse,
1153 1634 1265 1680 cur
1332 1609 1608 1682 ὄὲϊὸόσὸε
1675 1616 2088 1696 scriberetur,
2158 1616 2280 1681 etsi
2333 1615 2556 1681 vocula

305 1724 550 1785 motum
590 1718 657 1783 in
700 1719 909 1784 locum
953 1716 1309 1800 significans
1356 1717 1530 1782 nullo
1552 1719 1737 1784 modo
1762 1737 1905 1784 cum
1927 1718 2202 1800 genitivo
2239 1718 2550 1798 cohaeret,

307 1821 427 1887 sed
492 1840 633 1887 cum
701 1822 1057 1887 accusativo
1123 1821 1390 1887 nominis
1468 1820 1810 1902 suppressi.
1920 1820 2157 1886 Perdiu
2198 1821 2391 1886 moris
2433 1819 2555 1885 fuit

310 1924 727 1990 substantivis
792 1924 1156 1991 huiusmodi
1191 1922 1745 2014 hyperdisyllabis
1814 1927 2143 1989 accentum
2207 1924 2552 1991 inscribere

305 2026 411 2093 vel
464 2028 530 2091 in
571 2025 949 2108 penultima·
1010 2023 1483 2111 Ἀλιμουντάδε
1544 2027 1652 2092 Ar.
1700 2026 1853 2091 Avv.
1899 2022 2057 2107 496,
2125 1998 2553 2116 Ἀραφηνάὸε

308 2128 547 2212 Steph.,
593 2129 695 2195 vel
737 2128 804 2193 in
850 2130 1376 2211 antepenultima.
1425 2125 1795 2216 Μεγάραδε
1838 2127 1999 2193 Plat.
2022 2128 2290 2195 Phaedr.
2325 2130 2454 2195 228
2477 2130 2551 2212 A,

292 2226 862 2320 Ἀναγυροὺνταὸε
910 2231 1125 2316 Steph.
1171 2240 1286 2299 etc.
1334 2232 1706 2317 (Goettling.
1753 2232 1896 2297 Acc.
1943 2231 2117 2314 357),
2162 2250 2279 2297 nec
2324 2232 2555 2298 desunt

305 2320 595 2416 exempla
663 2335 1014 2415 scripturae
1069 2341 1357 2402 veterum
1409 2335 1726 2402 nonnullis
1779 2334 2076 2416 placitae:
2145 2338 2552 2422 Μαραθῶνα

306 2435 387 2504 δέ
429 2437 494 2501 ιιι
540 2437 671 2503 cod.
715 2437 971 2504 Lucian.
1017 2438 1129 2505 Bis
1174 2457 1376 2506 accus,
1424 2439 1458 2524 ξ
1506 2436 1545 2504 9
1590 2457 1650 2520 p.
1698 2438 1780 2504 72
1827 2436 1896 2503 T.
1940 2436 2066 2518 III,
2105 2431 2433 2504 Ἐλευσῖνα
2480 2438 2554 2507 δέ

301 2540 548 2605 Himer.
574 2539 680 2605 Or.
726 2540 850 2605 VH
893 2543 952 2606 2.
999 2541 1124 2607 512
1170 2548 1243 2607 ut
1267 2534 1449 2608 οἶκον
1476 2542 1571 2619 δέ,
1608 2541 1941 2607 Bekkerus
1963 2558 2114 2606 vero
2141 2535 2553 2607 Ἐλευσῖνάδε

307 2643 568 2724 scripsit
598 2644 742 2725 Lys.
789 2663 877 2707 or.
923 2643 1104 2709 XXV
1153 2645 1291 2711 172.
1338 2643 1377 2709 9
1425 2649 1493 2711 et
1535 2645 1601 2710 in
1645 2646 1786 2710 aliis
1832 2649 2154 2709 oratorum
2198 2642 2553 2708 Atticorum

305 2746 482 2826 lociS,
527 2745 882 2811 Meinekius
922 2741 1336 2837 Ἀραφῆνάδε
1380 2752 1571 2830 atque
1615 2748 1740 2812 alia
1781 2747 1955 2829 apud
2002 2745 2218 2828 Steph.
2263 2744 2550 2827 Veteres,

261 2868 271 2887 ·
306 2867 468 2932 quos
512 2850 730 2915 ordine
774 2855 1064 2915 recenset
1105 2850 1409 2916 Lehrsius
1456 2850 1712 2928 Quaest.
1738 2849 1838 2932 40,
1883 2849 2222 2915 Homerica
2265 2850 2554 2982 exempla

165 3047 184 3058 ·
301 2971 433 3018 non
477 2943 902 3034 egrediuntur.

477 3054 642 3120 Hinc
683 3073 896 3120 rerum
940 3055 1138 3121 series
1183 3074 1295 3121 nos
1337 3056 1600 3122 deducit
1643 3057 1726 3122 ad
1768 3061 1995 3137 tropen
2039 3056 2303 3135 vocaliS,
2362 3073 2552 3137 quam

308 3157 675 3240 Apollonius
724 3156 896 3241 Synt.
941 3157 1007 3221 II
1050 3159 1107 3223 5.
1162 3157 1280 3223 105
1347 3178 1575 3241 parum
1630 3165 1779 3241 apte
1835 3177 1979 3225 cum
2022 3177 2338 3241 paragoge
2385 3177 2550 3224 com-

310 3261 561 3327 miscet:
606 3255 735 3334 ὁδί,
786 3256 1034 3335 οὑτοσί,
1086 3259 1388 3344 ἐκεινοσί,
1428 3262 1786 3329 distinctius
1809 3281 1959 3329 vero
1981 3262 2187 3344 Epim.
2211 3260 2276 3325 11
2299 3258 2442 3325 392.
2468 3259 2552 3325 24

310 3352 511 3446 διχῶς
554 3362 801 3449 γίνεται
869 3358 908 3450 ἢ
980 3362 1355 3447 ἕπὲκτασις,
1423 3365 1593 3432 κατὰ
1662 3364 2080 3448 πλεονασμὸν
2147 3359 2238 3442 ὡς
2303 3357 2550 3442 οὑτοσί,

308 3467 416 3533 καὶ
462 3455 629 3532 κατὰ
675 3465 930 3553 τροπὴν
975 3463 1065 3545 ὡς
1108 3462 1269 3545 ὁδί,
1319 3463 1487 3534 ὡδί.
1554 3468 1692 3535 Hoc
1715 3485 2059 3551 pronomen
2101 3466 2312 3547 poesis
2357 3464 2550 3530 subli-

305 3571 468 3637 mior
510 3569 820 3651 repudiat,
866 3568 941 3635 cf.
985 3570 1328 3635 Hermann.
1375 3571 1457 3635 ad
1503 3569 1696 3653 Orph.
1741 3589 1804 3652 p.
1831 3567 1955 3636 769
1980 3569 2061 3653 *),
2109 3569 2360 3634 comicis
2402 3587 2553 3634 vero

303 3676 402 3739 ita
444 3672 668 3737 tritum
711 3677 826 3752 est,
873 3677 947 3737 ut
989 3673 1266 3738 omnium
1309 3692 1615 3757 generum
1645 3689 2031 3756 casuumque
2058 3671 2346 3753 exempla
2367 3671 2550 3735 undi-

307 3795 433 3860 que
478 3776 798 3841 exundent
862 3779 929 3839 et
970 3775 1344 3857 exuberent,
1412 3777 1582 3860 apud
1625 3781 1910 3843 oratores
1953 3775 2114 3840 haec
2155 3773 2554 3857 potissimum

303 3879 690 3962 reperimus:
740 3875 932 3944 τουδί
944 3905 966 3952 ,’
1004 3879 1202 3965 τῳδί,
1252 3880 1507 3961 τουσδί,
1555 3876 1754 3946 τασδί
1798 3885 1864 3944 et
1907 3880 2222 3944 derivata:
2269 3902 2353 3942 το
2370 3904 2389 3941 ι
2409 3902 2460 3962 ῳ
2477 3881 2514 3943 ὁ
2529 3873 2556 3943 ι’

304 3982 422 4050 καὶ
466 4007 553 4048 το
572 3978 772 4066 σῳδί
814 3980 1005 4045 Arist.
1039 3980 1227 4063 PhyS.
1249 3981 1436 4047 Auso.
1459 3981 1525 4046 Π
1555 3980 1673 4046 185
1710 3980 1770 4045 b.
1795 3979 1898 4060 25,
1945 3979 2091 4047 τοδὶ
2136 3974 2178 4066 ἢ
2222 3980 2552 4046 τοσονδὶ

305 4082 351 4177 ἢ
408 4080 721 4153 τοιονδί
772 4082 1029 4149 Rhetor.
1075 4081 1142 4145 Π
1187 4085 1242 4147 7.
1294 4083 1455 4149 1385
1514 4082 1574 4149 b.
1624 4085 1680 4148 7.
1800 4082 2078 4165 Simplex
2127 4084 2208 4166 ,in
2274 4082 2555 4147 ordinem

443 4310 500 4373 ⁸)
548 4310 607 4363 V.
637 4328 694 4380 p.
725 4305 847 4363 232.
987 4340 1003 4352 2

419 4393 660 4444 ιοιιοοιι.
684 4392 854 4441 ratum.
881 4392 938 4436 11.
2098 4375 2177 4441 16
