2946 4928
456 356 573 422 DE
620 355 1107 440 SYNAERESI,
1155 353 1560 469 DIAERESl
1600 364 1715 424 etc.
1782 358 1851 424 P.
1875 357 1957 423 11.
2005 358 2072 424 C.
2097 359 2178 424 Π.
2226 295 2284 445 ςῘ
2304 360 2362 425 2.
2437 353 2519 426 85

276 520 495 586 craSin
517 520 881 586 admittant:
908 516 1216 608 νεοαρδέ’
1235 517 1456 608 ἀλωήν
1479 521 1552 586 11.
1575 521 1729 586 XXI
1753 519 1895 601 346,
1921 524 2220 604 μενοεικέ
2239 514 2527 608 ’ἐδωδήν

246 622 404 693 ,Οά.
431 623 522 688 VI
553 619 951 703 76,ιει’νειόέ’
981 619 1214 710 ἀνῆγες
1256 615 1331 689 ΙΙ.
1353 623 1451 687 ΠΙ
1472 622 1587 703 48;
1633 629 1779 688 ante
1825 641 2162 690 consonam
2191 625 2524 706 Homerus

280 730 358 790 ut
399 726 587 790 modo
632 725 787 804 dixi,
859 726 1300 812 πρωτοπαγέα
1315 775 1334 805 ,
1405 726 1827 791 Callimachus
1892 728 1958 791 in
2003 728 2257 793 exordio
2301 746 2523 794 versus

278 827 520 892 heroici
587 828 929 916 δημεχθέα
995 830 1318 908 χελλῶνα,
1387 829 1465 893 de
1532 847 1656 910 quo
1702 827 2005 894 Choerob.
2052 830 2201 894 Can.
2254 828 2391 894 134.
2439 830 2521 895 25

276 933 626 1015 μετρεῖται
694 930 860 995 κατὰ
930 928 1254 1017 συνίζησιν
1320 927 1624 998 τουτέστι
1696 932 1771 994 τὸ
1831 931 1881 999 ἶ
1922 931 2033 997 καὶ
2098 931 2145 1000 ἶ
2198 928 2296 1011 εἷς
2360 931 2521 1015 μίαν

281 1030 643 1120 συλλαβήν.

325 1123 328 1128 ’
456 1135 595 1200 Iam
637 1138 886 1201 veniam
940 1136 1022 1201 ad
1076 1135 1363 1216 pluralia.
1483 1136 1891 1202 Accusativos
1955 1138 2022 1202 in
2089 1137 2181 1212 {Tic
2225 1140 2526 1202 exeuntes

280 1225 611 1304 Homerus
643 1239 831 1304 modo
875 1237 1235 1321 syllabatim
1276 1237 1533 1319 profert,
1601 1235 1903 1317 ἀολλέας,
1972 1235 2249 1325 θήλεας,
2320 1234 2540 1316 ὠκέας·

283 1347 420 1421 etc„
466 1341 669 1421 modo,
717 1342 772 1406 si
814 1345 1086 1405 metrum
1127 1341 1348 1422 poscit,
1395 1342 1769 1421 compressis
1813 1340 2149 1421 vocalibus⁹
2198 1342 2526 1421 πελέκεας,

285 1439 576 1525 ἆσινέας,
634 1443 898 1523 πολέας,
968 1442 1136 1523 quod
1180 1441 1585 1507 Aristarchus
1631 1446 1949 1507 contracto
1996 1444 2227 1521 πολεῖς
2268 1450 2526 1524 praetu-

280 1545 434 1612 lisse
454 1537 459 1542 ’
481 1546 737 1624 dicitur,
802 1565 860 1609 v.
908 1542 1216 1625 Spitzner.
1264 1546 1347 1611 ad
1390 1545 1423 1609 I
1467 1543 1593 1609 559
1612 1595 1627 1624 ‚
1697 1549 1763 1609 et
1796 1546 2018 1627 'nuper
2059 1551 2384 1627 receptum
2430 1551 2532 1612 e'st

281 1649 436 1714 locis
483 1646 934 1729 compluribus3
972 1647 1308 1729 tripliciter
1351 1631 1502 1733 x'rero
1548 1647 1842 1712 scri-bitur
1887 1646 2352 1714 substantivum
2399 1644 2525 1714 πό-

283 1754 427 1827 λεις
499 1755 565 1815 et
629 1749 854 1815 eadem
908 1747 1205 1816 mensura
1250 1746 1500 1827 πόλεας
1566 1754 1633 1813 et
1675 1749 1843 1830 quod
1886 1750 2218 1815 Bekkerus
2266 1756 2332 1816 et
2372 1751 2527 1816 Diu-¹

285 1852 525 1920 dorfius
569 1859 955 1935 receperunt
993 1850 1239 1930 πόλιας
1285 1852 1366 1936 [v.
1393 1854 1446 1937 ξ.
1470 1852 1558 1936 4].
1597 1890 1665 1898 -
1708 1850 1805 1917 De
1849 1852 2170 1918 vocabulis
2216 1847 2529 1919 consuetis

283 1956 409 2021 huc
462 1954 865 2022 referendum
933 1961 1047 2036 est,
1113 1942 1281 2038 quod
1327 1953 1802 2021 Choeroboscus
1872 1956 2094 2020 tradit·
2118 1951 2256 2020 169.
2307 1954 2386 2021 12
2455 1954 2529 2031 τὸ

283 2061 855 2146 Δημοσθένεις
901 2054 979 2125 οὐ
1025 2057 1244 2144 γέγόνε
1291 2060 1458 2123 κατὰ
1507 2064 1741 2144 κρᾶσιν
1787 2052 1925 2123 ἀπὸ
1973 2064 2093 2124 τοῦ
2115 2058 2527 2142 Δεμοσθέὲ

284 2178 490 2238 νεας·
536 2160 610 2226 τὸ
657 2161 782 2246 γὰρ
836 2163 877 2231 ’ἔ
933 2159 1043 2227 καὶ
1088 2164 1157 2230 ἀ’
1204 2160 1541 2247 κίρνανται
1588 2157 1682 2238 εἷς
1723 2163 1792 2245 ᾗ
1839 2161 2087 2248 τείχη,
2131 2161 2333 2248 βέλη,
2384 2155 2524 2225 ἀλλ’

282 2260 640 2352 ὃμοφωνία
710 2262 849 2330 ἐστὶ
884 2267 1032 2351 ’τῆς
1099 2260 1462 2351 αἰτιατικῆς
1533 2267 1660 2327 τῶν
1705 2269 2158 2350 πληθυντικῶν
2203 2262 2374 2351 πρὸς
2416 2263 2532 2350 τὴν

282 2362 581 2434 εὐθεῖαν.
618 2404 689 2412 —-
741 2366 1191 2431 Pronominum
1236 2364 1663 2447 personalium
1689 2366 1980 2446 -primum
2025 2366 2364 2447 dupliciter
2399 2385 2532 2431 mo-

286 2471 544 2536 dulatur
586 2469 930 2535 Homerus:
998 2466 1211 2553 ἡμέας
1277 2469 1434 2547 τοὺς
1501 2463 1746 2546 ἄλλους
1809 2469 1875 2533 111
1937 2468 2243 2550 principio
2306 2486 2530 2535 versus

283 2572 360 2637 ΙΙ.
405 2570 564 2638 vm
607 2573 728 2637 211
780 2577 845 2637 et
890 2569 1097 2657 ἡμέας
1151 2568 1393 2650 αὐτούς
1455 2572 1640 2654 quasi
1704 2571 2102 2653 trisyllabum
2154 2573 2419 2652 ‚saepius
2463 2575 2529 2638 in

280 2676 446 2758 pede
468 2676 703 2756 quinto,
715 2691 1028 2756 nusquam
1049 2694 1198 2741 vero
1222 2676 1500 2741 Atticum
1523 2668 1717 2762 ἡμᾶς,
1731 2674 1900 2754 quod
1919 2672 2202 2739 nonnulli
2226 2690 2302 2736 ex
2314 2672 2525 2739 lonico

282 2774 491 2867 ἡμέας
535 2782 923 2843 contractum
968 2796 1111 2844 esse
1155 2781 1517 2845 statuemnt
1536 2825 1552 2853 ,
1597 2776 1788 2856 idque
1834 2775 2119 2856 Apollon.
2164 2774 2347 2839 Pron.
2400 2775 2522 2840 126

284 2900 411 2947 non
454 2880 797 2961 improbat3
869 2881 982 2945 sed
1049 2898 1192 2945 cum
1235 2876 1499 2962 Εὐβοᾶς
1563 2882 1629 2942 et
1679 2878 1910 2943 ceteris
1946 2875 2109 2958 'pure
2174 2878 2530 2942 terminatis

285 2981 554 3049 conterri
580 2998 769 3064 posse
811 2987 1004 3065 negat
1026 2983 1086 3066 [Ι
1109 2981 1228 3047 241
1256 2987 1325 3046 et
1344 2980 1531 3065 421].4
1550 3018 1619 3026 -
1671 2978 2214 3061 Frequentissima
2255 2980 2534 3047 Homero

290 3089 443 3152 sunt
484 3085 798 3151 neutralia
839 3086 906 3149 in
949 3088 1042 3167 Ξῖ,
1108 3103 1270 3166 quae
1330 3084 1384 3149 si
1427 3088 1704 3161 metrum.
1746 3083 2081 3163 excedunt,
2147 3083 2339 3165 alpha
2383 3089 2531 3150 ante

277 3189 569 3276 ‚vocalem
612 3188 892 3254 eliditur:
939 3183 1111 3274 κήδε’
1162 3185 1482 3275 ἐφῆπται,
1531 3181 1727 3267 τεύχε’
1780 3179 2019 3268 ἄριστα
2066 3186 2303 3250 evitata
2348 3188 2529 3266 crasi,

286 3293 468 3358 cuius
514 3291 638 3357 duo
681 3294 929 3355 tantum
974 3289 1284 3372 obrepunt
1327 3290 1616 3371 exempla
1645 3289 1714 3353 in
1745 3287 1934 3352 schol.
1957 3286 2084 3351 BL.
2113 3287 2196 3353 ad
2220 3287 2382 3357 11.11
2404 3287 2531 3353 423

287 3395 545 3461 collata:
593 3393 666 3459 τὸ
712 3390 942 3480 κνίση
968 3388 1399 3481 Ἀρίσταρχος
1428 3387 1795 3477 οὐδετέρως
1818 3386 2049 3454 ἀκούει
2074 3387 2297 3455 καίτοι
2317 3387 2530 3456 εἰπών
2651 3421 2672 3451 ·.

289 3493 485 3564 οὐδὲν
531 3491 908 3583 ἀδιαίρετον
954 3487 1119 3575 εἶναι
1169 3499 1297 3560 τῶν
1344 3490 1439 3572 εἷς
1481 3494 1545 3572 ἶς’·
1587 3488 1911 3579 ληγόντων
1955 3486 2325 3578 οὐδετέρων
2372 3487 2527 3579 παρ’

284 3595 557 3685 Ὁμήρῳ
597 3599 764 3664 κατὰ
812 3598 887 3664 τὸ
935 3596 1413 3687 πληθυντικὸν,·
1456 3591 1597 3662 ἀλλ’
1623 3593 1855 3683 ὥσπερ
1900 3595 1976 3659 τὸ
2008 3596 2289 3680 τεμένη
2316 3589 2535 3661 ἆδιαι-
2591 3658 2599 3665 .

274 3701 506 3789 ρέτως
552 3697 830 3790 εἴρηκεν,
881 3697 1054 3766 οὕτω
1101 3699 1211 3765 καὶ
1256 3699 1332 3764 τὸ
1380 3698 1630 3786 κνίση.
1677 3749 1683 3755 .
1763 3696 1929 3763 Huic
1971 3697 2336 3778 opponitur,
2380 3712 2533 3762 neu-

293 3808 461 3870 trum
504 3801 583 3869 τὸ
602 3840 609 3853 r
627 3809 841 3882 κνῖσος
887 3802 966 3868 ab
1010 3802 1288 3884 ¹Homero
1333 3798 1607 3867 alienum
1653 3803 1822 3880 esse,
1888 3817 2093 3881 neque
2137 3800 2205 3864 id
2247 3799 2363 3864 illo
2398 3800 2535 3873 loeo

290 3908 359 3972 in
402 3907 636 3973 nostris
680 3906 857 3972 libris
900 3906 1150 3987 legitur,
1198 3905 1313 3970 sed
1351 3902 1738 3971 femininum.
1853 3901 1992 3977 Hoc
2009 3954 2012 3957 .
2031 3902 2228 3984 igitur
2271 3904 2534 3968 circum-

296 4011 529 4092 scripto
559 4027 755 4095 unum
787 4008 1163 4089 relinquitur
1186 4007 1582 4089 trisyllabum
1604 4006 1840 4093 τεμένη
1867 4005 2135 4087 νέμεται
2162 4005 2535 4084 Od.XI185,

298 4114 463 4201 quod
506 4109 878 4207 Q‘mdorfius
937 4110 1215 4189 retinuit,
1283 4129 1323 4174 a
1363 4109 1656 4203 Bekkero
1718 4108 2057 4174 desertum.
2189 4107 2536 4186 Utriusque

299 4217 646 4298 scripturae
700 4214 1003 4279 ,meminit
1068 4212 1258 4279 schol
1326 4213 1509 4284 Harl.
1554 4211 1651 4279 ,τὸ
1728 4211 2012 4298 τεμένη
2091 4205 2535 4295 σεσημείωται

299 4314 692 4404 ἆδιαιρέτως
722 4313 1070 4399 ἐξενεχθέν·
1108 4310 1533 4402 Ἀρίσταρχος
1574 4314 1916 4398 τεμένεα.
1953 4316 1957 4325 ’
2007 4309 2322 4395 Hesiodus
2351 4323 2537 4373 usum
