2946 4928
457 363 576 429 nn
623 360 1112 445 erAEREsL
1160 360 1566 429 DIAERESI
1607 368 1724 430 etc„
1793 363 1861 430 P.
1886 364 1935 429 1.
1983 333 2158 430 0311.
2204 364 2259 450 §-
2284 362 2341 429 3.
2449 360 2533 429 43

282 532 409 595 tur.
498 527 575 593 In
622 527 879 594 Theocr.
923 526 1113 593 XXII
1155 524 1238 592 49
1306 524 1592 594 ἕστασαν
1657 519 1813 616 ηἶιτε
1856 526 2077 614 πέτραι
2126 522 2534 617 ὃλοοίτροχοι

280 632 747 698 Valckenarius
814 635 880 696 et
922 630 1278 698 Meinekius
1342 636 1692 714 posuerunt
1742 630 2165 713 trisyllabum,
2235 651 2355 714 quo
2400 651 2533 698 ser-

281 740 473 802 vatur
537 733 864 818 productio
938 733 1217 817 syllabae
1288 735 1648 816 proximae3
1728 734 1923 800 ceteri
1988 736 2176 817 epici,
2257 735 2312 802 si
2377 736 2536 802 illud

281 844 490 905 metro
533 843 864 921 repugnat,
915 836 1283 920 praeferunt
1326 830 1494 915 εὖτε,
1541 858 1597 903 v.
1617 891 1622 898 .
1643 837 1921 921 Koechly
1965 838 2048 904 ad
2092 838 2300 917 Quint.
2344 840 2532 906 Proll.

282 951 344 1025 p.
390 941 732 1008 LXXXIII
775 946 843 1006 et
888 939 1017 1006 Ott.
1065 939 1422 1008 Schneider.
1469 941 1552 1006 ad
1594 940 1890 1006 Nicandr.
1934 959 1994 1023 p.
2040 938 2142 1007 89.
2244 941 2333 1007 In'
2362 943 2532 1009 Ana-

282 1045 560 1111 creontis
603 1045 855 1127 Fragm.
901 1062 1017 1126 pro
1063 1036 1281 1132 δἠὖτε
1324 1063 1491 1110 nunc
1535 1049 1822 1110 conserte
1867 1043 2163 1110 scribitur
2207 1046 2424 1133 δηῦτε,
2467 1046 2536 1111 id

278 1153 526 1229 autem,
594 1150 729 1214 sive
799 1167 877 1213 ex
920 1145 1000 1235 δὴ
1050 1139 1211 1215 αὖτε
1255 1147 1668 1228 compositum
1738 1152 1863 1228 est,
1935 1148 2068 1213 sive
2135 1148 2402 1230 simplex
2456 1167 2533 1213 ex

278 1255 469 1321 δεῦτε
518 1269 906 1329 conversum,
952 1249 1076 1315 huc
1118 1268 1244 1316 non
1290 1252 1594 1331 convenit,
1642 1251 1874 1350 quippe
1918 1250 2261 1319 Aeolicum.
2373 1253 2528 1335 Epi-

280 1373 415 1422 cam
458 1374 614 1421 vero
657 1353 1036 1438 particulam
1078 1352 1186 1419 ille
1228 1357 1459 1419 natura
1501 1354 1880 1438 bisyllabam
1921 1373 2062 1422 esse
2109 1356 2334 1421 statuit
2380 1375 2458 1421 ex
2484 1345 2532 1445 ᾖ

288 1483 378 1538 τε,
434 1463 515 1525 ut
557 1458 843 1540 plerique
887 1465 1105 1522 omnes
1161 1456 1467 1538 sentiunt,
1537 1456 1869 1524 conflatam
1933 1458 2262 1524 interiecto
2303 1460 2524 1542 ypsilo,

281 1562 391 1627 sed
431 1566 662 1644 poetas
706 1561 846 1628 soni
903 1558 1280 1626 emendandi
1325 1578 1517 1626 causa
1568 1561 1754 1627 modo
1799 1562 2047 1628 vocales
2102 1563 2420 1629 discordes
2464 1564 2530 1627 in

275 1666 437 1732 duas
484 1664 763 1748 syllabas
810 1663 1180 1738 distraxisse
1227 1657 1405 1750 ἧῖῐτε,
1475 1664 1662 1729 modo
1706 1669 1813 1729 eta
1854 1670 2136 1732 mutasse
2179 1666 2244 1731 in
2290 1667 2530 1749 epsilon

275 1761 453 1852 εὖτε,
521 1787 650 1851 qua
692 1768 938 1833 ratione
982 1766 1314 1833 nonnullos
1359 1764 1574 1831 Ionica
1617 1770 1810 1852 γρεῦς
1853 1770 1920 1831 et
1962 1771 2112 1847 νεῦς
2155 1769 2529 1851 explicuisse

273 1873 582 1955 suspicor,
628 1870 793 1955 [Vol.
818 1870 852 1936 I
876 1869 1003 1937 477
1028 1875 1095 1937 et
1136 1870 1304 1936 Diss.
1328 1869 1454 1935 VH
1497 1869 1566 1935 P.
1612 1869 1711 1934 III
1757 1868 1823 1936 C.
1869 1870 1936 1935 Π
1980 1890 2093 1953 ex„
2139 1871 2370 1938 Parall.
2396 1871 2527 1958 92]

271 1974 354 2042 cf.
433 1974 708 2040 Meinek.
783 1974 922 2040 Del.
1004 1972 1143 2039 157.
1234 2011 1306 2021 —
1394 1972 1742 2055 Utriusque
1819 1972 2166 2042 affectionis
2244 1977 2530 2042 meminit

268 2077 679 2144 Herodianus
768 2077 847 2143 de
937 2078 1228 2161 genetivo
1315 2076 1571 2144 Aeolico
1655 2069 1940 2163 ’Ἀρευος
2027 2079 2358 2162 disputans
2447 2081 2526 2147 de

272 2180 490 2247 Genit„
556 2180 781 2262 Parag.
827 2179 953 2247 237
999 2181 1067 2247 Τ.
1114 2180 1215 2246 ΠΙ
1269 2180 1607 2248 verborum
1672 2180 1888 2247 ordine
1945 2183 2205 2264 paulum
2249 2185 2524 2267 turbato,

271 2284 395 2351 sed
436 2281 760 2350 intellectu
813 2282 982 2350 facili
1049 2280 1087 2371 ἡ
1133 2285 1203 2369 ἧῦ
1248 2280 1623 2373 δίφθογγός
1689 2282 1831 2351 ἐστι
1875 2281 2269 2374 κακόφωνος
2299 2288 2346 2371 ²)
2414 2288 2527 2356 καὶ

275 2384 353 2455 ἐν
378 2385 581 2455 κλίσει
626 2384 835 2470 μόνον
878 2384 1194 2481 ῥημάτων
1216 2387 1403 2454 θέλει
1434 2383 1753 2476 ὁρᾶσθαι,
1807 2383 1978 2454 ἀλλὰ
2004 2388 2160 2477 περὶ
2183 2388 2304 2482 τὴν
2324 2385 2527 2481 ἀρχὴν

272 2491 469 2559 θέλει
515 2491 925 2578 τρέπεσθαι,
975 2486 1066 2570 ὥς
1109 2491 1184 2558 τὸ
1234 2497 1442 2578 γραῦς
1487 2490 1741 2578 τροπὴν
1787 2491 2011 2557 παθὸν
2057 2492 2282 2578 γέγονε
2325 2499 2527 2582 γρηῦς

271 2631 361 2644 -
405 2629 494 2644 --
546 2594 656 2662 καὶ
702 2593 818 2662 ἐπὶ
883 2599 1001 2662 τοῦ
1069 2592 1522 2685 ἐπιρῥῆματος
1588 2595 1708 2659 τοῦ
1764 2585 1944 2681 ηὗτε*
2010 2594 2251 2663 τούτου
2305 2596 2429 2683 γὰρ
2485 2592 2528 2687 ἢ

270 2697 606 2785 διαίρεσις
647 2698 903 2784 γέγονεν
932 2693 1103 2786 ’ἠΰτε
1151 2694 1194 2785 ἢ
1236 2699 1454 2786 τροπὴ
1504 2690 1669 2764 εὖτεὲ
1808 2697 2018 2781 Atque
2071 2703 2299 2781 tropen
2343 2701 2524 2766 attri-

268 2802 417 2868 buit
461 2803 652 2868 ctiam
693 2802 930 2868 nomini
975 2802 1095 2882 dei,
1163 2801 1330 2882 quod
1370 2819 1569 2881 quum
1613 2799 1930 2868 Homerus
1993 2819 2111 2884 per
2161 2805 2199 2889 ἦ
2253 2803 2524 2870 declinet

250 2897 514 2991 ’Ἀρηος
531 2952 549 2982 ,
627 2906 965 2972 accedente
1029 2905 1218 2970 litera
1282 2902 1540 2971 Aeolica
1587 2895 1879 2991 ’Ἀρηυος
1957 2905 2288 2975 dicendum
2366 2912 2523 2990 erat„

267 3007 681 3092 sedssAlcaeus
707 3001 990 3091 ’Ἀρευος
1032 3007 1349 3090 praetulit,
1406 3004 1517 3073 ἵνα
1566 3001 1839 3096 ἀποστῇ
1885 3001 1923 3092 ἦ
1972 3007 2362 3096 κακοφωνία
2401 3014 2525 3096 ’τῆς

271 3107 678 3199 διφθόγγου.
796 3111 1186 3177 Substantivi
1252 3109 1520 3179 formam
1585 3111 1998 3194 principalem
2059 3111 2255 3189 fuisse
2321 3116 2524 3198 γραῦς

269 3214 647 3282 confirmant
674 3234 994 3299 paragoge,
1037 3210 1245 3301 γραΐς.
1292 3211 1542 3300 γραυίς,
1587 3212 1835 3299 γραπίς
1878 3215 1954 3279 τὸ
1979 3215 2525 3303 γῆρας,τεττίγων

268 3317 386 3384 καὶ
433 3309 658 3406 ὄφεων
701 3318 815 3386 καὶ
857 3318 932 3384 τὸ
980 3313 1223 3401 &noodr
1251 3316 1304 3399 ²)
1372 3320 1439 3381 et
1484 3318 1768 3399 epitheta
1811 3318 2036 3387 coloris
2084 3340 2309 3412 rapu-9,
2373 3341 2522 3407 qra-

270 3422 596 3486 vastellus.
687 3422 972 3488 Tertium
1000 3422 1298 3489 diastasis
1318 3421 1676 3504 exemplum
1700 3420 2294 3503 producitutEpim-
2320 3421 2356 3487 Ι
2381 3421 2520 3502 182,

270 3523 419 3590 ΕΜ.
465 3523 611 3590 440.
661 3522 760 3605 14,
826 3523 993 3590 unde
1061 3524 1173 3589 illa
1213 3524 1530 3607 Apollonii
1569 3525 1799 3593 edictio
1846 3524 2204 3607 syllabatim
2248 3530 2520 3607 resonat,

271 3627 489 3693 κανὼν
529 3623 656 3715 γάρ
701 3626 878 3694 ἔστιν
922 3621 958 3692 ὅ
1007 3625 1234 3713 λέγων,
1284 3621 1403 3693 οὐκ
1449 3625 1628 3693 ἔστιν
1674 3626 2027 3714 ἐπινοῆσαι
2069 3666 2150 3708 ⁸—-
2201 3666 2272 3675 ——
2326 3624 2520 3712 ἇναγ·

273 3727 480 3809 καίως
525 3724 641 3798 οὗν
687 3725 726 3819 ἦ
772 3727 1121 3808 διάστασις
1164 3732 1277 3797 τοῦ
1324 3723 1481 3817 ἠΰτε
1529 3725 1782 3827 ὁμοίως
1810 3734 1917 3819 τῷ
1965 3727 2165 3820 γρηῢς
2209 3732 2314 3827 καὶ
2351 3728 2520 3818 νηῧς.

271 3831 409 3899 Hoc
474 3852 587 3900 cur
650 3833 759 3899 ille
825 3833 1109 3899 omiserit
1168 3835 1332 3903 ratio
1391 3834 1624 3917 duplex
1666 3834 1849 3901 reddi
1890 3820 2131 3917 potest3
2161 3842 2342 3927 jaut
2354 3838 2522 3903 enim

412 4036 469 4103 1)
506 4039 850 4118 Gr-ammatici
867 4038 1310 4107 diphthongon-um
1330 4054 1530 4110 genera
1549 4042 1912 4096 describentes
1928 4048 2038 4101 tres
2055 4051 2337 4099 numerant
2357 4063 2427 4098 κα
2432 4063 2518 4100 κ-ο

287 4120 527 4193 φόνους.
555 4143 624 4192 ηυ
660 4123 724 4179 ἔν
740 4126 815 4195 τῷ
832 4118 992 4194 ηὔδα,
1031 4142 1110 4180 ωυ
1128 4123 1314 4199 ωὖγός
1351 4134 1408 4182 va·
1444 4123 1565 4187 vids*
1582 4129 1745 4181 schol.
1763 4130 1987 4196 Diony-s.
2009 4131 2241 4184 Gramm.
2252 4129 2428 4185 fflsset
2449 4133 2519 4187 al.

411 4208 470 4277 2)
507 4212 754 4265 Cuticula
785 4226 1000 4280 rugosa,
1036 4224 1173 4281 quae
1203 4214 1332 4268 lacti
1363 4216 1573 4280 insidet,
1605 4216 1803 4269 Latine
1823 4220 2023 4268 :emota
2039 4224 2277 4282 vocatur,
2316 4218 2519 4270 Graece

273 4297 451 4366 γραῦς
484 4300 599 4351 sive
631 4316 772 4370 γρηυ
777 4316 804 4357 ς
837 4295 898 4351 τὸ
932 4295 1268 4362 ἐπιπολάζον
1302 4303 1376 4369 τῷ
1427 4297 1664 4371 γάλακτι
1696 4297 1849 4374 παρὰ
1868 4304 1996 4354 ἰκΝ
1965 4295 2195 4374 κάνδρῳ
2221 4305 2372 4357 ΕΜ..
2439 4304 2520 4356 si·

275 4385 469 4439 militer
491 4402 628 4443 anm
663 4386 976 4441 &aufertur
996 4387 1066 4440 ad
1090 4388 1412 4441 inanimata:
1446 4380 1586 4445 anm
1615 4396 1757 4457 testa,
1789 4389 2127 4445 muscham
2144 4388 2357 4458 [Parall.
2379 4386 2520 4458 112]
