2946 4928
472 290 594 358 192
841 315 846 320 ·
1215 248 1791 361 TDISSERTATIO
1835 293 1975 361 vn.

466 453 576 520 καὶ
625 453 753 541 πρὸ
801 454 1022 544 τρίτης
1068 451 1482 539 ἀκμάσαντες
1525 457 1602 524 τὸ
1649 453 2057 543 ἀμετάβολον
2079 454 2312 546 ’πάσης
2335 459 2593 545 γραφῆς
2608 452 2704 536 ἐξ·

297 655 304 664 ἱ
367 551 374 556 ’
466 550 797 644 darona&
887 556 1014 626 Sed
1055 559 1140 640 hi,
1186 578 1342 642 quos
1386 579 1618 627 novum
1639 573 1878 627 morem
1898 561 2300 627 introducere
2347 561 2578 643 culpat,
2599 579 2717 643 po-·

462 660 591 725 tius
634 666 915 727 veterem
958 664 1249 750 maleque
1295 663 1619 729 desertum
1662 669 2064 731 renovarunt,
2153 664 2386 731 Atticis
2460 664 2704 746 quidem

462 763 649 828 litera
694 765 1050 846 surreptiva
1092 784 1258 832 nunc
1301 765 1435 832 fere
1481 765 1771 834 abstersa
1816 772 1949 848 est3
2015 768 2082 833 in
2126 772 2493 834 exterorum
2535 765 2703 831 libris

460 866 527 931 in
561 866 707 933 'dies
752 868 954 950 magis
999 869 1325 951 magisque
1384 870 1667 935 rarescit.
1758 871 1946 953 Apud
1969 871 2236 937 Dionem
2281 870 2511 953 Chrysi
2551 887 2703 950 quae

458 970 833 1052 legebantur
872 970 1299 1058 μακαρίσειεν
1342 974 1579 1038 τοῦτον
1621 972 1655 1037 Ι
1696 983 1756 1054 p.
1802 972 1861 1038 8.
1907 972 2007 1054 35,
2055 968 2315 1059 ἀγαθὸν
2383 968 2705 1055 νενόμικεν

460 1074 575 1162 τὴν
627 1073 858 1163 φιλίαν
906 1073 1006 1139 ΠΙ
1054 1072 1193 1140 136.
1246 1075 1327 1139 12
1373 1074 1459 1159 (p.
1505 1071 1588 1138 63
1633 1074 1874 1160 Emp.),
1943 1071 2015 1143 εἴ
2072 1102 2219 1142 τινα
2286 1075 2539 1143 ἔσωσεν
2581 1077 2704 1140 τῶν

461 1179 758 1244 πολιτῶν
799 1177 923 1244 VII
968 1174 1112 1243 242.
1159 1174 1199 1241 9
1246 1177 1333 1262 (p.
1385 1177 1523 1244 127.
1581 1175 1693 1261 26)
1760 1178 2031 1248 correxit
2072 1178 2414 1261 Emperius
2478 1178 2702 1261 partim

458 1280 668 1361 tacite,
713 1282 947 1362 partim
994 1281 1075 1346 ad
1118 1281 1363 1368 codices
1408 1299 1775 1367 provocans.
1842 1277 2122 1369 Εἴρηκεν
2169 1275 2469 1348 παλαιόν
2504 1280 2701 1346 Strab.

457 1383 491 1448 Ι
535 1385 591 1469 ξ.
636 1382 719 1449 26
764 1405 825 1467 p.
871 1384 954 1450 33
998 1404 1149 1450 num
1173 1383 1528 1450 Meinekius
1573 1385 1777 1450 sciens
1823 1385 2061 1451 sciente
2106 1386 2315 1450 animo
2355 1384 2702 1467 pertulerit,

456 1487 784 1567 paululum
828 1488 1072 1566 dubit03
1116 1487 1454 1553 novissime
1476 1486 1731 1568 quidem
1775 1487 1841 1552 in
1863 1487 2139 1569 Alciphr.
2183 1488 2283 1553 111
2326 1506 2426 1570 ep.
2479 1487 2557 1553 16
2598 1511 2699 1574 70-

433 1595 632 1674 ννιεῖἳσι
682 1589 936 1677 πυρούς
980 1595 1047 1656 et
1089 1589 1188 1654 111
1233 1589 1315 1655 58
1362 1588 1544 1676 ἔλεγε
1588 1587 1712 1678 γάρ
1759 1590 2012 1672 scripsit
2053 1590 2246 1655 tacite
2293 1590 2535 1657 deleta·
2562 1609 2698 1656 con-

457 1710 628 1758 sona.
715 1693 834 1758 His
879 1712 996 1776 ego
1041 1697 1302 1774 propter
1345 1694 1686 1759 maximam
1717 1694 2144 1775 exemplorum
2186 1692 2312 1758 huc
2358 1710 2697 1776 congruen-

453 1796 614 1861 tium
656 1793 1075 1878 frequentiam
1112 1796 1295 1876 plene
1337 1795 1652 1877 planeque
1697 1797 2008 1862 assentior
2051 1814 2255 1877 neque
2286 1797 2461 1862 mihi
2484 1814 2696 1879 persu-

455 1899 651 1964 adere
694 1917 973 1980 possum,
1021 1903 1271 1964 veteres
1315 1899 1488 1979 ipsos
1533 1917 1983 1980 nonnunquam
2026 1899 2093 1964 in
2138 1899 2474 1965 scribendo
2537 1899 2696 1966 vices

453 2006 736 2066 mutasse
780 2002 879 2067 vel
925 2001 1234 2067 suavioris
1279 1999 1415 2065 soni
1461 2019 1653 2066 causa
1704 2002 1805 2067 vel
1850 2002 2337 2084 orthographiae
2382 2001 2696 2085 popularis

453 2110 639 2170 aestu
682 2104 1057 2188 quandoque
1104 2104 1419 2185 abreptos.
1509 2102 1629 2168 Illa
1672 2104 1927 2186 quidem
1970 2105 2214 2170 ratione
2280 2106 2348 2170 in
2394 2104 2695 2172 consimili

453 2227 684 2291 genere
728 2208 929 2273 utitur
976 2206 1268 2289 egregius
1311 2205 1493 2272 lexici
1520 2204 1846 2288 Sophoclei
1870 2206 2205 2287 confector,
2253 2227 2453 2290 quum
2493 2209 2586 2274 ita
2606 2208 2694 2272 iu-

452 2313 637 2392 dicat,
662 2305 1152 2393 Aristophanem
1194 2310 1274 2375 in·
1306 2309 1578 2374 decursu
1598 2329 1819 2377 versus
1842 2310 2094 2376 iambici
2119 2307 2397 2397 πρόσθε
2423 2317 2533 2377 νῦν
2590 2306 2697 2378 ἴθι

450 2415 750 2484 maluisse
794 2433 984 2498 quam
1034 2401 1358 2504 πρόσθεν,
1393 2415 1529 2479 'non
1573 2432 1696 2496 quo
1741 2414 2090 2496 spondeum
2133 2413 2543 2496 improbaret,
2590 2405 2704 2480 sed⁴

448 2538 530 2585 ne
576 2520 700 2585 duo
743 2522 818 2586 νῦ
862 2520 1216 2598 collideret,
1283 2516 1575 2598 idemque
1631 2536 1690 2601 p.
1736 2514 1881 2598 446,
1951 2518 2006 2583 si
2072 2517 2446 2584 adverbium
2492 2514 2694 2594 οὕτως

451 2627 871 2705 anteponatur
911 2622 1115 2689 literis
1161 2626 1303 2686 zeta
1347 2624 1413 2684 et
1457 2620 1676 2701 sigma,
1732 2620 2041 2701 insignem
2086 2620 2361 2687 existere
2409 2622 2546 2688 soni
2589 2622 2689 2686 de-

448 2723 847 2792 formitatem.
936 2725 1103 2790 Huic
1146 2721 1495 2789 velificatur
1539 2722 1794 2804 quidem
1862 2724 2057 2789 codex
2101 2723 2370 2806 August.
2437 2725 2688 2807 primus

449 2844 638 2908 quem
682 2832 757 2894 νῦ
803 2827 1268 2910 ephelcysticon
1313 2843 1506 2906 saepe
1551 2828 1697 2889 ante
1743 2825 1954 2908 kappa
1997 2832 2064 2891 et
2117 2827 2185 2908 pi
2227 2826 2468 2894 habere
2513 2826 2685 2892 Reis-

447 2929 594 2995 kius
640 2930 905 2996 adnotat
947 2929 1029 2993 ad
1074 2929 1253 2993 Dem.
1299 2945 1350 2993 c.
1397 2926 1641 3009 Aphob.
1699 2926 1843 2994 840.
1911 2929 1971 3009 2,
2038 2932 2105 2993 et
2147 2931 2440 2996 convenit
2483 2930 2712 3006 etiams
2804 3016 2811 3033 .
2882 3000 2883 3013 χ

447 3032 617 3114 quod
659 3031 1022 3098 Voemelius
1069 3032 1222 3097 dicit
1263 3032 1329 3095 in
1383 3048 1591 3113 progr.
1638 3050 1918 3114 gymnas.
1963 3030 2250 3099 Francos.
2297 3051 2441 3099 ann.
2493 3029 2684 3099 1853:

446 3134 891 3202 Demosthenis
937 3135 1184 3201 codices
1227 3134 1425 3200 bonos
1477 3138 1524 3204 ’ἱ
1575 3132 1763 3200 finale
1808 3135 1992 3216 longe
2061 3134 2314 3215 saepius
2382 3136 2682 3218 praebere

446 3256 639 3321 quam
682 3238 876 3305 libros
911 3239 1079 3322 typis
1102 3254 1435 3320 expressos
1459 3255 1584 3302 non
1630 3237 1832 3302 solum
1855 3241 2001 3302 ante
2026 3237 2292 3318 vocaleS‚
2340 3239 2456 3305 sed
2498 3237 2684 3304 etiam

446 3347 594 3413 ante
638 3360 945 3411 consonas
989 3341 1214 3407 mediis
1258 3341 1326 3405 in
1368 3341 1694 3405 commatis
1708 3389 1723 3420 ‚
1791 3358 2056 3421 eamque
2100 3341 2352 3406 literam
2422 3342 2486 3406 in
2552 3337 2680 3405 cod.

444 3450 503 3510 Σ
541 3443 931 3528 frequentari
982 3449 1131 3509 ante
1174 3446 1257 3523 ἶ,
1305 3444 1377 3529 3,
1419 3445 1495 3525 Ξῖ,
1540 3447 1617 3530 ξῑ,
1666 3442 1778 3508 sed
1823 3463 1862 3508 a
1884 3444 2342 3511 correctoribus
2390 3461 2530 3509 esse
2575 3440 2679 3506 de-

440 3549 653 3614 letam.
744 3546 872 3612 Sed
914 3545 1067 3611 mihi
1111 3548 1449 3628 reputanti,
1518 3564 1680 3629 quae
1723 3547 1788 3611 in
1833 3547 2082 3613 dissert.
2160 3546 2235 3610 de
2277 3567 2537 3631 praeco.
2585 3564 2679 3607 ew

428 3648 626 3734 phou.
675 3649 871 3715 allata
915 3654 1080 3730 sunt,
1128 3647 1354 3715 Graeci
1398 3651 1464 3714 in
1487 3650 1931 3731 componendis
1975 3655 2042 3715 et
2080 3649 2459 3716 collocandis
2502 3663 2677 3721 voca-

440 3751 607 3818 bulis
650 3757 784 3818 tam
829 3753 1111 3819 diversas
1157 3770 1196 3817 a
1238 3757 1454 3819 nostro
1502 3771 1695 3819 sensu
1735 3753 2016 3818 rationes
2062 3753 2313 3834 sequuti
2370 3750 2674 3826 videntur,

578 3940 634 4007 2)
669 3945 771 3995 His
808 3959 944 4011 quae
980 3943 1259 3995 subiuncta
1294 3949 1417 3996 sunt
1448 3944 1641 3996 verba:
1679 3945 1855 3996 καίτοι
1891 3942 1984 3994 καὶ
2019 3936 2176 4011 ἡμεῖς
2213 3939 2351 3996 κατὰ
2373 3939 2468 4010 τὴν
2488 3956 2670 3994 κοινο-

439 4030 604 4099 τέραν
639 4025 802 4098 ἡμῶν
838 4023 1125 4082 διάλεκτον
1161 4034 1272 4087 τοῖς
1304 4024 1443 4094 μετὰ
1480 4030 1577 4082 τοῦ
1610 4015 1664 4083 Te
1720 4025 1904 4082 πάντα
1957 4031 2219 4097 λέγουσιν
2254 4029 2670 4100 ἔπισυρίττομεν

437 4115 714 4167 Bekkorus
748 4118 803 4165 in
842 4117 1159 4167 contrarium
1193 4118 1350 4169 vertit
1367 4118 1703 4184 negationem
1739 4117 1977 4169 inserens
2014 4119 2125 4174 τοῖς
2155 4112 2233 4178 μὶ
2268 4112 2407 4177 μετὰ
2426 4143 2519 4168 -.
2577 4109 2669 4162 Ille

436 4204 552 4269 ipse
586 4208 762 4254 tamen
797 4218 860 4253 eo
895 4217 1004 4254 non
1038 4205 1215 4261 utitur,
1270 4203 1364 4255 sed
1409 4219 1555 4254 more
1592 4203 1758 4256 solito·
1782 4203 1964 4254 scribit
2017 4195 2223 4275 ῥήμασι.
2277 4202 2370 4254 καὶ
2423 4193 2669 4268 ὀνόμασί,

441 4282 627 4355 ἔχουσι
656 4287 904 4356 χρῆσθαι
942 4295 1043 4340 etc.
1078 4290 1134 4337 in
1170 4289 1354 4353 quavis
1387 4290 1603 4356 pagina.
