<?xml version="1.0" encoding="UTF-8"?>
<!DOCTYPE html PUBLIC "-//W3C//DTD XHTML 1.0 Transitional//EN"
    "http://www.w3.org/TR/xhtml1/DTD/xhtml1-transitional.dtd">
<html xmlns="http://www.w3.org/1999/xhtml" xml:lang="en" lang="en">
 <head>
  <title>
</title>
<meta http-equiv="Content-Type" content="text/html;charset=utf-8" />
  <meta name='ocr-system' content='tesseract 3.04.00' />
  <meta name='ocr-capabilities' content='ocr_page ocr_carea ocr_par ocr_line ocrx_word'/>
</head>
<body>
  <div class='ocr_page' id='page_1' title='image "./pathologiaegrae02lobegoog_0222.png"; bbox 0 0 2946 4928; ppageno 0'>
   <div class='ocr_carea' id='block_1_1' title="bbox 383 283 2648 594">
    <p class='ocr_par' dir='ltr' id='par_1_1' title="bbox 383 283 2648 594">
     <span class='ocr_line' id='line_1_1' title="bbox 383 283 1969 410; baseline 0 -6"><span class='ocrx_word' id='word_1_1' title='bbox 383 331 529 406; x_wconf 66' lang='lat'><strong>&#39;204</strong></span> <span class='ocrx_word' id='word_1_2' title='bbox 861 405 869 410; x_wconf 75' lang='grc'><em>,</em></span> <span class='ocrx_word' id='word_1_3' title='bbox 928 381 935 390; x_wconf 55' lang='grc'><strong>«</strong></span> <span class='ocrx_word' id='word_1_4' title='bbox 1115 285 1718 404; x_wconf 58' lang='grc' dir='ltr'><strong>’ΒῙΞΒΕΒΤΑΤῙΟ</strong></span> <span class='ocrx_word' id='word_1_5' title='bbox 1780 283 1969 404; x_wconf 74' lang='lat' dir='ltr'><strong>vm</strong></span> 
     </span>
     <span class='ocr_line' id='line_1_2' title="bbox 400 461 2648 594; baseline -0.001 -26"><span class='ocrx_word' id='word_1_6' title='bbox 400 493 644 594; x_wconf 74' lang='grc' dir='ltr'><strong><em>πέρυσί</em></strong></span> <span class='ocrx_word' id='word_1_7' title='bbox 705 505 778 568; x_wconf 81' lang='lat' dir='ltr'><strong>et</strong></span> <span class='ocrx_word' id='word_1_8' title='bbox 841 493 1089 583; x_wconf 75' lang='lat' dir='ltr'><strong>localia,</strong></span> <span class='ocrx_word' id='word_1_9' title='bbox 1155 519 1319 586; x_wconf 86' lang='lat' dir='ltr'><strong>quae</strong></span> <span class='ocrx_word' id='word_1_10' title='bbox 1373 501 1615 585; x_wconf 80' lang='lat' dir='ltr'>syllaba</span> <span class='ocrx_word' id='word_1_11' title='bbox 1655 504 1726 575; x_wconf 62' lang='grc' dir='ltr'><strong>Ξῖ</strong></span> <span class='ocrx_word' id='word_1_12' title='bbox 1767 461 2243 581; x_wconf 44' lang='lat' dir='ltr'><strong>terminantur}</strong></span> <span class='ocrx_word' id='word_1_13' title='bbox 2282 516 2648 583; x_wconf 84' lang='lat' dir='ltr'><strong>paragogae</strong></span> 
     </span>
    </p>
   </div>
   <div class='ocr_carea' id='block_1_2' title="bbox 383 596 2741 2358">
    <p class='ocr_par' dir='ltr' id='par_1_2' title="bbox 383 596 2741 2358">
     <span class='ocr_line' id='line_1_3' title="bbox 395 596 2647 688; baseline -0 -16"><span class='ocrx_word' id='word_1_14' title='bbox 395 609 550 687; x_wconf 77' lang='lat' dir='ltr'><strong>apta</strong></span> <span class='ocrx_word' id='word_1_15' title='bbox 591 599 768 686; x_wconf 80' lang='lat' dir='ltr'><strong>sunt,</strong></span> <span class='ocrx_word' id='word_1_16' title='bbox 824 606 940 672; x_wconf 88' lang='lat' dir='ltr'><strong>sed</strong></span> <span class='ocrx_word' id='word_1_17' title='bbox 980 605 1235 671; x_wconf 88' lang='lat' dir='ltr'><strong>minime</strong></span> <span class='ocrx_word' id='word_1_18' title='bbox 1275 601 1440 685; x_wconf 71' lang='grc' dir='ltr'><strong><em>ὕψι,</em></strong></span> <span class='ocrx_word' id='word_1_19' title='bbox 1500 596 1678 688; x_wconf 67' lang='grc' dir='ltr'><em>ἄγχι,</em></span> <span class='ocrx_word' id='word_1_20' title='bbox 1729 619 1847 671; x_wconf 78' lang='lat' dir='ltr'><strong>nee</strong></span> <span class='ocrx_word' id='word_1_21' title='bbox 1889 622 2052 686; x_wconf 82' lang='lat' dir='ltr'><strong>quae</strong></span> <span class='ocrx_word' id='word_1_22' title='bbox 2093 605 2162 669; x_wconf 89' lang='lat' dir='ltr'><strong>in</strong></span> <span class='ocrx_word' id='word_1_23' title='bbox 2205 605 2298 688; x_wconf 61' lang='lat' dir='ltr'><strong>(ff,</strong></span> <span class='ocrx_word' id='word_1_24' title='bbox 2341 605 2429 688; x_wconf 63' lang='lat'><strong>755,</strong></span> <span class='ocrx_word' id='word_1_25' title='bbox 2473 605 2528 684; x_wconf 71' lang='grc' dir='ltr'><strong>ἴε</strong></span> <span class='ocrx_word' id='word_1_26' title='bbox 2568 610 2647 671; x_wconf 81' lang='lat' dir='ltr'><strong>ut</strong></span> 
     </span>
     <span class='ocr_line' id='line_1_4' title="bbox 398 701 2643 791; baseline 0 -17"><span class='ocrx_word' id='word_1_27' title='bbox 398 705 669 776; x_wconf 61' lang='grc' dir='ltr'><strong>ἐνθένδε</strong></span> <span class='ocrx_word' id='word_1_28' title='bbox 696 707 777 791; x_wconf 79' lang='lat'><strong>²),</strong></span> <span class='ocrx_word' id='word_1_29' title='bbox 823 701 1096 787; x_wconf 71' lang='grc' dir='ltr'><strong><em>ῧίλλοσε,</em></strong></span> <span class='ocrx_word' id='word_1_30' title='bbox 1140 708 1428 791; x_wconf 75' lang='grc' dir='ltr'><strong><em>χαμᾶζε,</em></strong></span> <span class='ocrx_word' id='word_1_31' title='bbox 1473 725 1680 789; x_wconf 88' lang='lat' dir='ltr'><strong>neque</strong></span> <span class='ocrx_word' id='word_1_32' title='bbox 1722 706 1845 774; x_wconf 85' lang='lat' dir='ltr'><strong>fuit</strong></span> <span class='ocrx_word' id='word_1_33' title='bbox 1886 709 1995 791; x_wconf 92' lang='lat' dir='ltr'><strong>qui</strong></span> <span class='ocrx_word' id='word_1_34' title='bbox 2036 708 2379 773; x_wconf 83' lang='lat' dir='ltr'><strong>secundam</strong></span> <span class='ocrx_word' id='word_1_35' title='bbox 2419 726 2643 789; x_wconf 87' lang='lat' dir='ltr'><strong>perso-</strong></span> 
     </span>
     <span class='ocr_line' id='line_1_5' title="bbox 396 807 2645 893; baseline 0 -16"><span class='ocrx_word' id='word_1_36' title='bbox 396 827 544 877; x_wconf 90' lang='lat' dir='ltr'><strong>nam</strong></span> <span class='ocrx_word' id='word_1_37' title='bbox 591 809 736 878; x_wconf 79' lang='grc' dir='ltr'>ἐσσί</span> <span class='ocrx_word' id='word_1_38' title='bbox 779 812 862 878; x_wconf 83' lang='lat' dir='ltr'><strong>ad</strong></span> <span class='ocrx_word' id='word_1_39' title='bbox 889 810 1366 878; x_wconf 90' lang='lat' dir='ltr'><strong>similitudinem</strong></span> <span class='ocrx_word' id='word_1_40' title='bbox 1410 811 1639 877; x_wconf 79' lang='lat' dir='ltr'><strong>tertiae</strong></span> <span class='ocrx_word' id='word_1_41' title='bbox 1686 807 1862 877; x_wconf 76' lang='grc' dir='ltr'><strong><em>ἐστίν</em></strong></span> <span class='ocrx_word' id='word_1_42' title='bbox 1904 810 2224 893; x_wconf 79' lang='lat' dir='ltr'>redigeret</span> <span class='ocrx_word' id='word_1_43' title='bbox 2264 810 2368 878; x_wconf 84' lang='lat' dir='ltr'><strong>vel</strong></span> <span class='ocrx_word' id='word_1_44' title='bbox 2409 812 2645 878; x_wconf 73' lang='lat' dir='ltr'><strong>tertiae</strong></span> 
     </span>
     <span class='ocr_line' id='line_1_6' title="bbox 395 905 2644 1000; baseline 0.001 -19"><span class='ocrx_word' id='word_1_45' title='bbox 395 905 511 1000; x_wconf 76' lang='grc' dir='ltr'><strong>ἦεν</strong></span> <span class='ocrx_word' id='word_1_46' title='bbox 573 913 845 981; x_wconf 83' lang='lat' dir='ltr'><strong>fulcrum</strong></span> <span class='ocrx_word' id='word_1_47' title='bbox 902 932 1088 981; x_wconf 86' lang='lat' dir='ltr'><strong>suum</strong></span> <span class='ocrx_word' id='word_1_48' title='bbox 1154 913 1519 984; x_wconf 75' lang='lat' dir='ltr'><strong>detraheret</strong></span> <span class='ocrx_word' id='word_1_49' title='bbox 1583 912 1672 998; x_wconf 90' lang='lat' dir='ltr'><strong>[p.</strong></span> <span class='ocrx_word' id='word_1_50' title='bbox 1723 910 1844 978; x_wconf 83' lang='lat'><strong>176</strong></span> <span class='ocrx_word' id='word_1_51' title='bbox 1899 913 2041 979; x_wconf 82' lang='lat' dir='ltr'><strong>adn.</strong></span> <span class='ocrx_word' id='word_1_52' title='bbox 2087 912 2174 998; x_wconf 86' lang='lat'><strong>2].</strong></span> <span class='ocrx_word' id='word_1_53' title='bbox 2300 912 2644 997; x_wconf 84' lang='lat' dir='ltr'><strong>Comperto</strong></span> 
     </span>
     <span class='ocr_line' id='line_1_7' title="bbox 395 1015 2641 1101; baseline 0.001 -18"><span class='ocrx_word' id='word_1_54' title='bbox 395 1021 610 1084; x_wconf 86' lang='lat' dir='ltr'><strong>autem</strong></span> <span class='ocrx_word' id='word_1_55' title='bbox 654 1018 898 1085; x_wconf 85' lang='lat' dir='ltr'><strong>Atticos</strong></span> <span class='ocrx_word' id='word_1_56' title='bbox 952 1023 1020 1083; x_wconf 92' lang='lat' dir='ltr'><strong>et</strong></span> <span class='ocrx_word' id='word_1_57' title='bbox 1062 1019 1409 1100; x_wconf 80' lang='lat' dir='ltr'><strong>generatim</strong></span> <span class='ocrx_word' id='word_1_58' title='bbox 1453 1015 1730 1083; x_wconf 79' lang='lat' dir='ltr'><strong>Graecos</strong></span> <span class='ocrx_word' id='word_1_59' title='bbox 1774 1033 2048 1082; x_wconf 81' lang='lat' dir='ltr'><strong>consona</strong></span> <span class='ocrx_word' id='word_1_60' title='bbox 2088 1018 2470 1101; x_wconf 80' lang='lat' dir='ltr'><strong>paragogica</strong></span> <span class='ocrx_word' id='word_1_61' title='bbox 2511 1018 2641 1086; x_wconf 78' lang='lat' dir='ltr'><strong>fre-</strong></span> 
     </span>
     <span class='ocr_line' id='line_1_8' title="bbox 397 1119 2642 1204; baseline 0.001 -18"><span class='ocrx_word' id='word_1_62' title='bbox 397 1126 695 1204; x_wconf 82' lang='lat' dir='ltr'><strong>quenter,</strong></span> <span class='ocrx_word' id='word_1_63' title='bbox 771 1122 887 1187; x_wconf 87' lang='lat' dir='ltr'><strong>sed</strong></span> <span class='ocrx_word' id='word_1_64' title='bbox 915 1139 1052 1187; x_wconf 87' lang='lat' dir='ltr'><strong>-non</strong></span> <span class='ocrx_word' id='word_1_65' title='bbox 1095 1124 1404 1202; x_wconf 87' lang='lat' dir='ltr'><strong>perpetuo</strong></span> <span class='ocrx_word' id='word_1_66' title='bbox 1446 1137 1598 1186; x_wconf 90' lang='lat' dir='ltr'><strong>usos</strong></span> <span class='ocrx_word' id='word_1_67' title='bbox 1642 1137 1808 1200; x_wconf 84' lang='lat' dir='ltr'><strong>esse,</strong></span> <span class='ocrx_word' id='word_1_68' title='bbox 1884 1119 2104 1202; x_wconf 84' lang='lat' dir='ltr'><strong>quovis</strong></span> <span class='ocrx_word' id='word_1_69' title='bbox 2167 1120 2235 1186; x_wconf 92' lang='lat' dir='ltr'><strong>in</strong></span> <span class='ocrx_word' id='word_1_70' title='bbox 2276 1120 2414 1187; x_wconf 79' lang='lat' dir='ltr'><strong>lo&#39;oo</strong></span> <span class='ocrx_word' id='word_1_71' title='bbox 2457 1122 2642 1189; x_wconf 86' lang='lat' dir='ltr'><strong>libris</strong></span> 
     </span>
     <span class='ocr_line' id='line_1_9' title="bbox 394 1221 2639 1306; baseline 0 -15"><span class='ocrx_word' id='word_1_72' title='bbox 394 1224 746 1306; x_wconf 87' lang='lat' dir='ltr'><strong>potioribus</strong></span> <span class='ocrx_word' id='word_1_73' title='bbox 791 1221 1352 1306; x_wconf 83' lang='lat' dir='ltr'><strong>obtemperandum</strong></span> <span class='ocrx_word' id='word_1_74' title='bbox 1398 1228 1525 1304; x_wconf 83' lang='lat' dir='ltr'><strong>est,</strong></span> <span class='ocrx_word' id='word_1_75' title='bbox 1546 1231 1557 1243; x_wconf 60' lang='lat'>⁸</span> <span class='ocrx_word' id='word_1_76' title='bbox 1579 1242 1703 1289; x_wconf 91' lang='lat' dir='ltr'><strong>non</strong></span> <span class='ocrx_word' id='word_1_77' title='bbox 1748 1235 1872 1306; x_wconf 87' lang='lat' dir='ltr'><strong>quo</strong></span> <span class='ocrx_word' id='word_1_78' title='bbox 1912 1222 2008 1288; x_wconf 87' lang='lat' dir='ltr'><strong>illi</strong></span> <span class='ocrx_word' id='word_1_79' title='bbox 2049 1222 2320 1288; x_wconf 88' lang='lat' dir='ltr'><strong>multum</strong></span> <span class='ocrx_word' id='word_1_80' title='bbox 2362 1225 2639 1292; x_wconf 83' lang='lat' dir='ltr'><strong>auctori·</strong></span> 
     </span>
     <span class='ocr_line' id='line_1_10' title="bbox 392 1324 2638 1410; baseline 0.002 -18"><span class='ocrx_word' id='word_1_81' title='bbox 392 1328 546 1393; x_wconf 81' lang='lat' dir='ltr'><strong>tatis</strong></span> <span class='ocrx_word' id='word_1_82' title='bbox 589 1326 880 1408; x_wconf 79' lang='lat' dir='ltr'>habeant,</span> <span class='ocrx_word' id='word_1_83' title='bbox 926 1326 1042 1392; x_wconf 86' lang='lat' dir='ltr'><strong>sed</strong></span> <span class='ocrx_word' id='word_1_84' title='bbox 1085 1328 1233 1410; x_wconf 91' lang='lat' dir='ltr'><strong>quia</strong></span> <span class='ocrx_word' id='word_1_85' title='bbox 1275 1327 1438 1393; x_wconf 88' lang='lat' dir='ltr'><strong>aliae</strong></span> <span class='ocrx_word' id='word_1_86' title='bbox 1481 1327 1760 1393; x_wconf 88' lang='lat' dir='ltr'><strong>rationes</strong></span> <span class='ocrx_word' id='word_1_87' title='bbox 1802 1325 1887 1393; x_wconf 86' lang='lat' dir='ltr'><strong>ad</strong></span> <span class='ocrx_word' id='word_1_88' title='bbox 1920 1324 2343 1398; x_wconf 79' lang='lat' dir='ltr'><strong>decidendum</strong></span> <span class='ocrx_word' id='word_1_89' title='bbox 2387 1329 2638 1397; x_wconf 78' lang='lat' dir='ltr'>desunt.</span> 
     </span>
     <span class='ocr_line' id='line_1_11' title="bbox 393 1426 2637 1540; baseline 0.002 -44"><span class='ocrx_word' id='word_1_90' title='bbox 393 1429 599 1507; x_wconf 83' lang='lat' dir='ltr'><strong>Quum</strong></span> <span class='ocrx_word' id='word_1_91' title='bbox 643 1434 857 1496; x_wconf 84' lang='lat' dir='ltr'><strong>autem</strong></span> <span class='ocrx_word' id='word_1_92' title='bbox 899 1429 1343 1496; x_wconf 83' lang='lat' dir='ltr'><strong>vocabulorum</strong></span> <span class='ocrx_word' id='word_1_93' title='bbox 1356 1480 1372 1511; x_wconf 90' lang='lat'>,</span> <span class='ocrx_word' id='word_1_94' title='bbox 1427 1431 1496 1495; x_wconf 89' lang='lat' dir='ltr'><strong>in</strong></span> <span class='ocrx_word' id='word_1_95' title='bbox 1540 1429 1767 1540; x_wconf 65' lang='lat' dir='ltr'><strong>quibus</strong></span> <span class='ocrx_word' id='word_1_96' title='bbox 1812 1430 2099 1512; x_wconf 82' lang='lat' dir='ltr'>quaestio</span> <span class='ocrx_word' id='word_1_97' title='bbox 2142 1426 2461 1513; x_wconf 50' lang='lat' dir='ltr'><strong>uersatur,</strong></span> <span class='ocrx_word' id='word_1_98' title='bbox 2509 1433 2637 1500; x_wconf 86' lang='lat' dir='ltr'><strong>duo</strong></span> 
     </span>
     <span class='ocr_line' id='line_1_12' title="bbox 391 1531 2741 1619; baseline 0.001 -20"><span class='ocrx_word' id='word_1_99' title='bbox 391 1534 521 1599; x_wconf 85' lang='lat' dir='ltr'><strong>sint</strong></span> <span class='ocrx_word' id='word_1_100' title='bbox 562 1547 813 1616; x_wconf 82' lang='lat' dir='ltr'><strong>genera,</strong></span> <span class='ocrx_word' id='word_1_101' title='bbox 856 1550 1053 1597; x_wconf 89' lang='lat' dir='ltr'><strong>unum</strong></span> <span class='ocrx_word' id='word_1_102' title='bbox 1093 1533 1161 1597; x_wconf 88' lang='lat' dir='ltr'><strong>in</strong></span> <span class='ocrx_word' id='word_1_103' title='bbox 1204 1534 1448 1615; x_wconf 86' lang='lat' dir='ltr'><strong>epsilon</strong></span> <span class='ocrx_word' id='word_1_104' title='bbox 1501 1537 1567 1599; x_wconf 86' lang='lat' dir='ltr'><strong>et</strong></span> <span class='ocrx_word' id='word_1_105' title='bbox 1607 1534 1738 1598; x_wconf 82' lang='lat' dir='ltr'><strong>iota</strong></span> <span class='ocrx_word' id='word_1_106' title='bbox 1780 1533 2023 1619; x_wconf 44' lang='lat' dir='ltr'><strong>exiens:</strong></span> <span class='ocrx_word' id='word_1_107' title='bbox 2083 1531 2303 1614; x_wconf 63' lang='grc' dir='ltr'><em>ἔλεξεν</em></span> <span class='ocrx_word' id='word_1_108' title='bbox 2324 1533 2369 1615; x_wconf 87' lang='grc'><strong>,’</strong></span> <span class='ocrx_word' id='word_1_109' title='bbox 2401 1540 2634 1614; x_wconf 71' lang='grc' dir='ltr'><strong><em>πᾶσιν,</em></strong></span> <span class='ocrx_word' id='word_1_110' title='bbox 2722 1562 2741 1594; x_wconf 67' lang='lat' dir='ltr'><strong>x</strong></span> 
     </span>
     <span class='ocr_line' id='line_1_13' title="bbox 390 1635 2634 1719; baseline 0.002 -17"><span class='ocrx_word' id='word_1_111' title='bbox 390 1637 668 1702; x_wconf 78' lang='lat' dir='ltr'><strong>alterum</strong></span> <span class='ocrx_word' id='word_1_112' title='bbox 703 1635 832 1701; x_wconf 86' lang='lat' dir='ltr'><strong>tria</strong></span> <span class='ocrx_word' id='word_1_113' title='bbox 871 1635 1328 1716; x_wconf 81' lang='lat' dir='ltr'><strong>pronominalia</strong></span> <span class='ocrx_word' id='word_1_114' title='bbox 1369 1637 1481 1702; x_wconf 87' lang='lat' dir='ltr'><strong>illa</strong></span> <span class='ocrx_word' id='word_1_115' title='bbox 1523 1637 1942 1719; x_wconf 61' lang='lat' dir='ltr'><strong>complexum}</strong></span> <span class='ocrx_word' id='word_1_116' title='bbox 2001 1636 2080 1702; x_wconf 84' lang='lat' dir='ltr'><strong>de</strong></span> <span class='ocrx_word' id='word_1_117' title='bbox 2124 1651 2249 1719; x_wconf 89' lang='lat' dir='ltr'><strong>quo</strong></span> <span class='ocrx_word' id='word_1_118' title='bbox 2292 1639 2634 1706; x_wconf 83' lang='lat' dir='ltr'><strong>novissime</strong></span> 
     </span>
     <span class='ocr_line' id='line_1_14' title="bbox 390 1739 2635 1826; baseline 0.002 -20"><span class='ocrx_word' id='word_1_119' title='bbox 390 1740 659 1806; x_wconf 82' lang='lat' dir='ltr'><strong>diximus</strong></span> <span class='ocrx_word' id='word_1_120' title='bbox 677 1790 692 1821; x_wconf 91' lang='lat'><strong>‚</strong></span> <span class='ocrx_word' id='word_1_121' title='bbox 747 1758 874 1805; x_wconf 89' lang='lat' dir='ltr'><strong>non</strong></span> <span class='ocrx_word' id='word_1_122' title='bbox 916 1740 1137 1805; x_wconf 88' lang='lat' dir='ltr'><strong>eadem</strong></span> <span class='ocrx_word' id='word_1_123' title='bbox 1181 1746 1284 1806; x_wconf 85' lang='lat' dir='ltr'><strong>est</strong></span> <span class='ocrx_word' id='word_1_124' title='bbox 1323 1742 1655 1824; x_wconf 89' lang='lat' dir='ltr'><strong>utriusque</strong></span> <span class='ocrx_word' id='word_1_125' title='bbox 1699 1739 1986 1807; x_wconf 79' lang='lat' dir='ltr'><strong>conditio.</strong></span> <span class='ocrx_word' id='word_1_126' title='bbox 2075 1739 2211 1806; x_wconf 90' lang='lat' dir='ltr'><strong>Illis</strong></span> <span class='ocrx_word' id='word_1_127' title='bbox 2256 1743 2424 1808; x_wconf 89' lang='lat' dir='ltr'><strong>enim</strong></span> <span class='ocrx_word' id='word_1_128' title='bbox 2467 1762 2635 1826; x_wconf 87' lang='lat' dir='ltr'><strong>quae</strong></span> 
     </span>
     <span class='ocr_line' id='line_1_15' title="bbox 388 1833 2632 1928; baseline 0.002 -19"><span class='ocrx_word' id='word_1_129' title='bbox 388 1833 634 1909; x_wconf 71' lang='lat' dir='ltr'><strong>aceedit</strong></span> <span class='ocrx_word' id='word_1_130' title='bbox 675 1859 963 1924; x_wconf 78' lang='lat' dir='ltr'><strong>consona,</strong></span> <span class='ocrx_word' id='word_1_131' title='bbox 1009 1847 1219 1910; x_wconf 79' lang='lat' dir='ltr'><strong>certas</strong></span> <span class='ocrx_word' id='word_1_132' title='bbox 1262 1844 1457 1910; x_wconf 84' lang='lat' dir='ltr'><strong>habet</strong></span> <span class='ocrx_word' id='word_1_133' title='bbox 1497 1845 1671 1927; x_wconf 84' lang='lat' dir='ltr'><strong>leges</strong></span> <span class='ocrx_word' id='word_1_134' title='bbox 1684 1895 1699 1926; x_wconf 88' lang='lat'>,</span> <span class='ocrx_word' id='word_1_135' title='bbox 1757 1859 1916 1927; x_wconf 83' lang='lat' dir='ltr'><strong>quas</strong></span> <span class='ocrx_word' id='word_1_136' title='bbox 1961 1863 2156 1928; x_wconf 83' lang='lat' dir='ltr'><strong>supra</strong></span> <span class='ocrx_word' id='word_1_137' title='bbox 2199 1846 2632 1927; x_wconf 80' lang='lat' dir='ltr'><strong>explicuimus.</strong></span> 
     </span>
     <span class='ocr_line' id='line_1_16' title="bbox 386 1945 2635 2030; baseline 0.002 -19"><span class='ocrx_word' id='word_1_138' title='bbox 386 1945 678 2012; x_wconf 88' lang='lat' dir='ltr'><strong>Alterum</strong></span> <span class='ocrx_word' id='word_1_139' title='bbox 745 1963 944 2027; x_wconf 81' lang='lat' dir='ltr'><strong>genus</strong></span> <span class='ocrx_word' id='word_1_140' title='bbox 959 1996 974 2026; x_wconf 86' lang='lat'>,</span> <span class='ocrx_word' id='word_1_141' title='bbox 1051 1947 1219 2029; x_wconf 87' lang='lat' dir='ltr'><strong>quod</strong></span> <span class='ocrx_word' id='word_1_142' title='bbox 1262 1948 1446 2030; x_wconf 86' lang='lat' dir='ltr'><strong>longe</strong></span> <span class='ocrx_word' id='word_1_143' title='bbox 1491 1948 1731 2014; x_wconf 87' lang='lat' dir='ltr'><strong>minore</strong></span> <span class='ocrx_word' id='word_1_144' title='bbox 1784 1950 2102 2029; x_wconf 88' lang='lat' dir='ltr'><strong>pomoerio</strong></span> <span class='ocrx_word' id='word_1_145' title='bbox 2145 1947 2388 2029; x_wconf 84' lang='lat' dir='ltr'><strong>finitur,</strong></span> <span class='ocrx_word' id='word_1_146' title='bbox 2454 1950 2635 2017; x_wconf 83' lang='lat' dir='ltr'><strong>nulla</strong></span> 
     </span>
     <span class='ocr_line' id='line_1_17' title="bbox 385 2048 2630 2134; baseline 0.002 -20"><span class='ocrx_word' id='word_1_147' title='bbox 385 2048 764 2115; x_wconf 84' lang='lat' dir='ltr'><strong>observabili</strong></span> <span class='ocrx_word' id='word_1_148' title='bbox 803 2050 945 2132; x_wconf 83' lang='lat' dir='ltr'>lege</span> <span class='ocrx_word' id='word_1_149' title='bbox 985 2051 1245 2132; x_wconf 82' lang='lat' dir='ltr'><strong>regitur,</strong></span> <span class='ocrx_word' id='word_1_150' title='bbox 1291 2050 1407 2116; x_wconf 81' lang='lat' dir='ltr'><strong>sed</strong></span> <span class='ocrx_word' id='word_1_151' title='bbox 1447 2050 1633 2117; x_wconf 89' lang='lat' dir='ltr'><strong>modo</strong></span> <span class='ocrx_word' id='word_1_152' title='bbox 1676 2054 1823 2116; x_wconf 87' lang='lat' dir='ltr'><strong>ante</strong></span> <span class='ocrx_word' id='word_1_153' title='bbox 1867 2068 2203 2118; x_wconf 80' lang='lat' dir='ltr'><strong>consonam</strong></span> <span class='ocrx_word' id='word_1_154' title='bbox 2223 2055 2297 2118; x_wconf 72' lang='grc' dir='ltr'><strong>νῦ</strong></span> <span class='ocrx_word' id='word_1_155' title='bbox 2343 2053 2630 2134; x_wconf 87' lang='lat' dir='ltr'><strong>assumit,</strong></span> 
     </span>
     <span class='ocr_line' id='line_1_18' title="bbox 383 2152 2632 2238; baseline 0.002 -20"><span class='ocrx_word' id='word_1_156' title='bbox 383 2152 571 2218; x_wconf 83' lang='lat' dir='ltr'><strong>modo</strong></span> <span class='ocrx_word' id='word_1_157' title='bbox 627 2156 775 2220; x_wconf 89' lang='lat' dir='ltr'><strong>ante</strong></span> <span class='ocrx_word' id='word_1_158' title='bbox 818 2153 1098 2219; x_wconf 78' lang='lat' dir='ltr'>vocalem</span> <span class='ocrx_word' id='word_1_159' title='bbox 1141 2152 1415 2235; x_wconf 85' lang='lat' dir='ltr'><strong>respuit,</strong></span> <span class='ocrx_word' id='word_1_160' title='bbox 1483 2171 1690 2235; x_wconf 85' lang='lat' dir='ltr'><strong>neque</strong></span> <span class='ocrx_word' id='word_1_161' title='bbox 1710 2154 2076 2238; x_wconf 47' lang='lat' dir='ltr'><strong>squidquam</strong></span> <span class='ocrx_word' id='word_1_162' title='bbox 2119 2155 2390 2238; x_wconf 88' lang='lat' dir='ltr'><strong>amplius</strong></span> <span class='ocrx_word' id='word_1_163' title='bbox 2435 2172 2632 2238; x_wconf 86' lang='lat' dir='ltr'><strong>super</strong></span> 
     </span>
     <span class='ocr_line' id='line_1_19' title="bbox 384 2253 2628 2358; baseline 0.001 -35"><span class='ocrx_word' id='word_1_164' title='bbox 384 2253 505 2323; x_wconf 87' lang='lat' dir='ltr'><strong>hao</strong></span> <span class='ocrx_word' id='word_1_165' title='bbox 545 2274 618 2322; x_wconf 87' lang='lat' dir='ltr'><strong>re</strong></span> <span class='ocrx_word' id='word_1_166' title='bbox 663 2256 961 2323; x_wconf 80' lang='lat' dir='ltr'><strong>constitui</strong></span> <span class='ocrx_word' id='word_1_167' title='bbox 1003 2261 1243 2339; x_wconf 84' lang='lat' dir='ltr'><strong>potest,</strong></span> <span class='ocrx_word' id='word_1_168' title='bbox 1313 2257 1440 2322; x_wconf 91' lang='lat' dir='ltr'><strong>nisi</strong></span> <span class='ocrx_word' id='word_1_169' title='bbox 1493 2256 2002 2325; x_wconf 86' lang='lat' dir='ltr'><strong>terminationem</strong></span> <span class='ocrx_word' id='word_1_170' title='bbox 2050 2276 2277 2341; x_wconf 87' lang='lat' dir='ltr'><strong>puram</strong></span> <span class='ocrx_word' id='word_1_171' title='bbox 2329 2257 2628 2358; x_wconf 70' lang='lat' dir='ltr'><strong>frequen-</strong></span> 
     </span>
    </p>
   </div>
   <div class='ocr_carea' id='block_1_3' title="bbox 272 2357 2628 2443">
    <p class='ocr_par' dir='ltr' id='par_1_3' title="bbox 272 2357 2628 2443">
     <span class='ocr_line' id='line_1_20' title="bbox 272 2357 2628 2443; baseline 0.002 -17"><span class='ocrx_word' id='word_1_172' title='bbox 272 2423 278 2433; x_wconf 80' lang='grc'><strong>,</strong></span> <span class='ocrx_word' id='word_1_173' title='bbox 379 2359 610 2426; x_wconf 82' lang='lat' dir='ltr'><strong>tiorem</strong></span> <span class='ocrx_word' id='word_1_174' title='bbox 639 2375 796 2426; x_wconf 86' lang='lat' dir='ltr'><strong>esse</strong></span> <span class='ocrx_word' id='word_1_175' title='bbox 840 2367 944 2441; x_wconf 82' lang='lat' dir='ltr'><strong>ea,</strong></span> <span class='ocrx_word' id='word_1_176' title='bbox 1013 2379 1176 2443; x_wconf 88' lang='lat' dir='ltr'><strong>quae</strong></span> <span class='ocrx_word' id='word_1_177' title='bbox 1218 2360 1448 2426; x_wconf 77' lang='lat' dir='ltr'><strong>Atticis</strong></span> <span class='ocrx_word' id='word_1_178' title='bbox 1492 2357 1689 2427; x_wconf 88' lang='lat' dir='ltr'><strong>tribui</strong></span> <span class='ocrx_word' id='word_1_179' title='bbox 1730 2359 1908 2426; x_wconf 88' lang='lat' dir='ltr'><strong>solet.</strong></span> <span class='ocrx_word' id='word_1_180' title='bbox 1998 2358 2090 2425; x_wconf 83' lang='lat' dir='ltr'><strong>Ae</strong></span> <span class='ocrx_word' id='word_1_181' title='bbox 2141 2361 2198 2426; x_wconf 91' lang='lat' dir='ltr'><strong>si</strong></span> <span class='ocrx_word' id='word_1_182' title='bbox 2249 2380 2368 2442; x_wconf 87' lang='lat' dir='ltr'><strong>per</strong></span> <span class='ocrx_word' id='word_1_183' title='bbox 2411 2362 2628 2430; x_wconf 80' lang='lat' dir='ltr'><strong>analo—</strong></span> 
     </span>
    </p>
   </div>
   <div class='ocr_carea' id='block_1_4' title="bbox 377 2453 2645 3065">
    <p class='ocr_par' dir='ltr' id='par_1_4' title="bbox 377 2453 2645 3065">
     <span class='ocr_line' id='line_1_21' title="bbox 383 2453 2627 2549; baseline 0.002 -20"><span class='ocrx_word' id='word_1_184' title='bbox 383 2456 550 2546; x_wconf 80' lang='lat' dir='ltr'><strong>&#39;giam</strong></span> <span class='ocrx_word' id='word_1_185' title='bbox 603 2453 1055 2531; x_wconf 57' lang='lat' dir='ltr'><strong>adieeti&#39;vorum</strong></span> <span class='ocrx_word' id='word_1_186' title='bbox 1107 2466 1529 2531; x_wconf 77' lang='lat' dir='ltr'><strong>communium</strong></span> <span class='ocrx_word' id='word_1_187' title='bbox 1592 2466 1659 2531; x_wconf 89' lang='lat' dir='ltr'><strong>in</strong></span> <span class='ocrx_word' id='word_1_188' title='bbox 1717 2466 1788 2541; x_wconf 67' lang='grc' dir='ltr'><strong>ἶς’</strong></span> <span class='ocrx_word' id='word_1_189' title='bbox 1836 2463 2197 2530; x_wconf 85' lang='lat' dir='ltr'><strong>exeuntium</strong></span> <span class='ocrx_word' id='word_1_190' title='bbox 2248 2466 2627 2549; x_wconf 79' lang='lat' dir='ltr'><strong>iudicantur,</strong></span> 
     </span>
     <span class='ocr_line' id='line_1_22' title="bbox 381 2567 2626 2651; baseline 0.001 -19"><span class='ocrx_word' id='word_1_191' title='bbox 381 2586 464 2649; x_wconf 83' lang='lat' dir='ltr'><strong>ny</strong></span> <span class='ocrx_word' id='word_1_192' title='bbox 506 2586 633 2633; x_wconf 90' lang='lat' dir='ltr'><strong>non</strong></span> <span class='ocrx_word' id='word_1_193' title='bbox 674 2571 1073 2651; x_wconf 86' lang='lat' dir='ltr'><strong>aroessitum,</strong></span> <span class='ocrx_word' id='word_1_194' title='bbox 1120 2569 1234 2635; x_wconf 89' lang='lat' dir='ltr'><strong>sed</strong></span> <span class='ocrx_word' id='word_1_195' title='bbox 1275 2569 1601 2651; x_wconf 88' lang='lat' dir='ltr'><strong>proprium</strong></span> <span class='ocrx_word' id='word_1_196' title='bbox 1636 2569 2046 2651; x_wconf 87' lang='lat' dir='ltr'><strong>innatumque</strong></span> <span class='ocrx_word' id='word_1_197' title='bbox 2087 2567 2450 2635; x_wconf 83' lang='lat' dir='ltr'><strong>habendum</strong></span> <span class='ocrx_word' id='word_1_198' title='bbox 2492 2572 2626 2635; x_wconf 85' lang='lat' dir='ltr'><strong>est:</strong></span> 
     </span>
     <span class='ocr_line' id='line_1_23' title="bbox 377 2666 2622 2762; baseline 0.001 -24"><span class='ocrx_word' id='word_1_199' title='bbox 377 2677 725 2755; x_wconf 57' lang='grc' dir='ltr'><strong><em>τοσοῦτον,</em></strong></span> <span class='ocrx_word' id='word_1_200' title='bbox 771 2676 1109 2753; x_wconf 74' lang='grc' dir='ltr'><strong><em>τοιοῦτον,</em></strong></span> <span class='ocrx_word' id='word_1_201' title='bbox 1157 2672 1566 2762; x_wconf 64' lang='grc' dir='ltr'><strong><em>τηλικοῦτον</em></strong></span> <span class='ocrx_word' id='word_1_202' title='bbox 1608 2671 1873 2757; x_wconf 79' lang='lat' dir='ltr'><strong>perinde</strong></span> <span class='ocrx_word' id='word_1_203' title='bbox 1935 2676 2013 2737; x_wconf 80' lang='lat' dir='ltr'><strong>ut</strong></span> <span class='ocrx_word' id='word_1_204' title='bbox 2055 2666 2346 2756; x_wconf 71' lang='grc' dir='ltr'><strong><em>ἀγαθόν,</em></strong></span> <span class='ocrx_word' id='word_1_205' title='bbox 2395 2667 2622 2740; x_wconf 74' lang='grc' dir='ltr'><strong>κακόν.</strong></span> 
     </span>
     <span class='ocr_line' id='line_1_24' title="bbox 383 2773 2629 2861; baseline 0 -19"><span class='ocrx_word' id='word_1_206' title='bbox 383 2774 512 2861; x_wconf 84' lang='lat' dir='ltr'><strong>Sed</strong></span> <span class='ocrx_word' id='word_1_207' title='bbox 555 2777 705 2860; x_wconf 80' lang='lat' dir='ltr'><strong>quia</strong></span> <span class='ocrx_word' id='word_1_208' title='bbox 745 2777 1012 2844; x_wconf 69' lang='lat' dir='ltr'><strong>totidem</strong></span> <span class='ocrx_word' id='word_1_209' title='bbox 1055 2775 1376 2858; x_wconf 70' lang='lat' dir='ltr'><strong>primitiva</strong></span> <span class='ocrx_word' id='word_1_210' title='bbox 1433 2773 1626 2857; x_wconf 80' lang='grc' dir='ltr'><strong>αὐτό,</strong></span> <span class='ocrx_word' id='word_1_211' title='bbox 1686 2781 1919 2852; x_wconf 80' lang='grc' dir='ltr'><strong><em>τοῦτο,</em></strong></span> <span class='ocrx_word' id='word_1_212' title='bbox 1988 2774 2191 2843; x_wconf 69' lang='grc' dir='ltr'><strong><em>ἐκεῖνο</em></strong></span> <span class='ocrx_word' id='word_1_213' title='bbox 2230 2774 2374 2841; x_wconf 66' lang='lat' dir='ltr'><strong>hae</strong></span> <span class='ocrx_word' id='word_1_214' title='bbox 2435 2773 2629 2842; x_wconf 74' lang='lat' dir='ltr'><strong>litera</strong></span> 
     </span>
     <span class='ocr_line' id='line_1_25' title="bbox 380 2874 2627 2964; baseline 0 -18"><span class='ocrx_word' id='word_1_215' title='bbox 380 2883 629 2961; x_wconf 79' lang='lat' dir='ltr'><strong>carent,</strong></span> <span class='ocrx_word' id='word_1_216' title='bbox 696 2880 919 2947; x_wconf 88' lang='lat' dir='ltr'><strong>eodem</strong></span> <span class='ocrx_word' id='word_1_217' title='bbox 959 2880 1266 2947; x_wconf 84' lang='lat' dir='ltr'><strong>inclinant</strong></span> <span class='ocrx_word' id='word_1_218' title='bbox 1308 2874 1673 2948; x_wconf 81' lang='lat' dir='ltr'><strong>derivativa</strong></span> <span class='ocrx_word' id='word_1_219' title='bbox 1706 2881 1841 2961; x_wconf 84' lang='lat' dir='ltr'><strong>illa,</strong></span> <span class='ocrx_word' id='word_1_220' title='bbox 1917 2898 2081 2964; x_wconf 87' lang='lat' dir='ltr'><strong>quae</strong></span> <span class='ocrx_word' id='word_1_221' title='bbox 2135 2883 2285 2946; x_wconf 89' lang='lat' dir='ltr'><strong>sunt</strong></span> <span class='ocrx_word' id='word_1_222' title='bbox 2334 2877 2627 2947; x_wconf 85' lang='lat' dir='ltr'><strong>eiusdem</strong></span> 
     </span>
     <span class='ocr_line' id='line_1_26' title="bbox 378 2983 2645 3065; baseline -0.001 -17"><span class='ocrx_word' id='word_1_223' title='bbox 378 2983 660 3050; x_wconf 87' lang='lat' dir='ltr'><strong>merismi</strong></span> <span class='ocrx_word' id='word_1_224' title='bbox 701 2983 1166 3065; x_wconf 80' lang='lat' dir='ltr'><strong>pronominalis,</strong></span> <span class='ocrx_word' id='word_1_225' title='bbox 2616 2994 2645 3015; x_wconf 79' lang='grc'><strong>’-</strong></span> 
     </span>
    </p>
   </div>
   <div class='ocr_carea' id='block_1_5' title="bbox 1032 3234 1963 3502">
    <p class='ocr_par' dir='ltr' id='par_1_5' title="bbox 1032 3234 1963 3502">
     <span class='ocr_line' id='line_1_27' title="bbox 1337 3234 1659 3322; baseline 0.003 -16"><span class='ocrx_word' id='word_1_226' title='bbox 1337 3234 1500 3322; x_wconf 76' lang='lat' dir='ltr'><strong>Cap.</strong></span> <span class='ocrx_word' id='word_1_227' title='bbox 1543 3239 1659 3307; x_wconf 88' lang='grc' dir='ltr'><strong>ΠΙ.</strong></span> 
     </span>
     <span class='ocr_line' id='line_1_28' title="bbox 1032 3380 1963 3502; baseline -0.004 -27"><span class='ocrx_word' id='word_1_228' title='bbox 1032 3399 1150 3476; x_wconf 82' lang='lat' dir='ltr'><strong>De</strong></span> <span class='ocrx_word' id='word_1_229' title='bbox 1181 3380 1441 3494; x_wconf 41' lang='lat' dir='ltr'><strong>&#39;sigma</strong></span> <span class='ocrx_word' id='word_1_230' title='bbox 1487 3394 1963 3502; x_wconf 62' lang='grc' dir='ltr'><em>Ρνοεεὰριίοο.</em></span> 
     </span>
    </p>
   </div>
   <div class='ocr_carea' id='block_1_6' title="bbox 371 3564 2625 4064">
    <p class='ocr_par' dir='ltr' id='par_1_6' title="bbox 371 3564 2625 4064">
     <span class='ocr_line' id='line_1_29' title="bbox 549 3564 2624 3653; baseline 0.001 -20"><span class='ocrx_word' id='word_1_231' title='bbox 549 3568 604 3653; x_wconf 63' lang='grc' dir='ltr'><strong>ξ.</strong></span> <span class='ocrx_word' id='word_1_232' title='bbox 656 3568 708 3634; x_wconf 91' lang='grc'><strong>1.</strong></span> <span class='ocrx_word' id='word_1_233' title='bbox 801 3567 1020 3635; x_wconf 90' lang='lat' dir='ltr'><strong>Trium</strong></span> <span class='ocrx_word' id='word_1_234' title='bbox 1082 3568 1409 3635; x_wconf 87' lang='lat' dir='ltr'><strong>literarum</strong></span> <span class='ocrx_word' id='word_1_235' title='bbox 1475 3565 1757 3635; x_wconf 87' lang='lat' dir='ltr'><strong>finalium</strong></span> <span class='ocrx_word' id='word_1_236' title='bbox 1819 3564 2029 3632; x_wconf 87' lang='lat' dir='ltr'><strong>media</strong></span> <span class='ocrx_word' id='word_1_237' title='bbox 2100 3569 2169 3631; x_wconf 87' lang='lat' dir='ltr'><strong>et</strong></span> <span class='ocrx_word' id='word_1_238' title='bbox 2218 3565 2442 3646; x_wconf 79' lang='lat' dir='ltr'><strong>paucis</strong></span> <span class='ocrx_word' id='word_1_239' title='bbox 2492 3569 2624 3634; x_wconf 71' lang='lat' dir='ltr'><strong>ad-</strong></span> 
     </span>
     <span class='ocr_line' id='line_1_30' title="bbox 371 3662 2623 3765; baseline 0 -26"><span class='ocrx_word' id='word_1_240' title='bbox 371 3669 603 3739; x_wconf 81' lang='lat' dir='ltr'><strong>stricta·</strong></span> <span class='ocrx_word' id='word_1_241' title='bbox 640 3676 743 3741; x_wconf 83' lang='lat' dir='ltr'><strong>est</strong></span> <span class='ocrx_word' id='word_1_242' title='bbox 783 3670 1130 3765; x_wconf 63' lang='lat' dir='ltr'><strong>vocabulis:</strong></span> <span class='ocrx_word' id='word_1_243' title='bbox 1177 3669 1298 3757; x_wconf 75' lang='grc' dir='ltr'><strong>ἔαρ</strong></span> <span class='ocrx_word' id='word_1_244' title='bbox 1309 3719 1327 3748; x_wconf 90' lang='grc'><em>,</em></span> <span class='ocrx_word' id='word_1_245' title='bbox 1393 3668 1538 3758; x_wconf 80' lang='grc' dir='ltr'><em>χείρ</em></span> <span class='ocrx_word' id='word_1_246' title='bbox 1551 3719 1568 3748; x_wconf 90' lang='grc'><strong><em>,</em></strong></span> <span class='ocrx_word' id='word_1_247' title='bbox 1631 3662 1783 3758; x_wconf 78' lang='grc' dir='ltr'><strong>φώρ</strong></span> <span class='ocrx_word' id='word_1_248' title='bbox 1829 3673 1945 3733; x_wconf 79' lang='lat' dir='ltr'><strong>eto.</strong></span> <span class='ocrx_word' id='word_1_249' title='bbox 1989 3672 2053 3732; x_wconf 78' lang='lat' dir='ltr'><strong>et</strong></span> <span class='ocrx_word' id='word_1_250' title='bbox 2097 3668 2466 3735; x_wconf 80' lang='lat' dir='ltr'><strong>mutationis</strong></span> <span class='ocrx_word' id='word_1_251' title='bbox 2511 3690 2623 3739; x_wconf 73' lang='lat' dir='ltr'><strong>ex·</strong></span> 
     </span>
     <span class='ocr_line' id='line_1_31' title="bbox 372 3771 2625 3855; baseline -0.001 -12"><span class='ocrx_word' id='word_1_252' title='bbox 372 3791 551 3855; x_wconf 78' lang='lat' dir='ltr'><strong>pers3</strong></span> <span class='ocrx_word' id='word_1_253' title='bbox 617 3776 731 3843; x_wconf 87' lang='lat' dir='ltr'><strong>sed</strong></span> <span class='ocrx_word' id='word_1_254' title='bbox 798 3775 914 3840; x_wconf 75' lang='lat' dir='ltr'><strong>de‘</strong></span> <span class='ocrx_word' id='word_1_255' title='bbox 943 3775 1166 3840; x_wconf 87' lang='lat' dir='ltr'><strong>ultima</strong></span> <span class='ocrx_word' id='word_1_256' title='bbox 1219 3774 1470 3841; x_wconf 83' lang='lat' dir='ltr'><strong>illarum</strong></span> <span class='ocrx_word' id='word_1_257' title='bbox 1545 3791 1737 3855; x_wconf 90' lang='lat' dir='ltr'><strong>saepe</strong></span> <span class='ocrx_word' id='word_1_258' title='bbox 1791 3771 2098 3839; x_wconf 87' lang='lat' dir='ltr'><strong>dubitatio</strong></span> <span class='ocrx_word' id='word_1_259' title='bbox 2162 3771 2422 3853; x_wconf 82' lang='lat' dir='ltr'><strong>accidit,</strong></span> <span class='ocrx_word' id='word_1_260' title='bbox 2490 3775 2625 3845; x_wconf 83' lang='lat' dir='ltr'><strong>utri</strong></span> 
     </span>
     <span class='ocr_line' id='line_1_32' title="bbox 375 3874 2621 3960; baseline 0 -15"><span class='ocrx_word' id='word_1_261' title='bbox 375 3879 643 3945; x_wconf 85' lang='lat' dir='ltr'><strong>duarum</strong></span> <span class='ocrx_word' id='word_1_262' title='bbox 666 3876 1067 3947; x_wconf 80' lang='lat' dir='ltr'><strong>affectionum</strong></span> <span class='ocrx_word' id='word_1_263' title='bbox 1110 3877 1394 3960; x_wconf 81' lang='lat' dir='ltr'><strong>subjecta</strong></span> <span class='ocrx_word' id='word_1_264' title='bbox 1436 3877 1539 3956; x_wconf 81' lang='lat' dir='ltr'><strong>sit,</strong></span> <span class='ocrx_word' id='word_1_265' title='bbox 1583 3876 1946 3957; x_wconf 86' lang='lat' dir='ltr'><strong>pleonasmo</strong></span> <span class='ocrx_word' id='word_1_266' title='bbox 1988 3892 2072 3939; x_wconf 89' lang='lat' dir='ltr'><strong>an</strong></span> <span class='ocrx_word' id='word_1_267' title='bbox 2094 3874 2321 3957; x_wconf 84' lang='lat' dir='ltr'><strong>ellipsi.</strong></span> <span class='ocrx_word' id='word_1_268' title='bbox 2389 3874 2621 3945; x_wconf 75' lang='lat' dir='ltr'><strong>Gram-</strong></span> 
     </span>
     <span class='ocr_line' id='line_1_33' title="bbox 372 3976 2619 4064; baseline 0 -18"><span class='ocrx_word' id='word_1_269' title='bbox 372 3982 641 4047; x_wconf 83' lang='lat' dir='ltr'><strong>maticus</strong></span> <span class='ocrx_word' id='word_1_270' title='bbox 685 3981 751 4045; x_wconf 90' lang='lat' dir='ltr'><strong>in</strong></span> <span class='ocrx_word' id='word_1_271' title='bbox 791 3982 995 4062; x_wconf 89' lang='lat' dir='ltr'><strong>primo</strong></span> <span class='ocrx_word' id='word_1_272' title='bbox 1039 3981 1225 4064; x_wconf 89' lang='lat' dir='ltr'><strong>hujus</strong></span> <span class='ocrx_word' id='word_1_273' title='bbox 1271 3980 1714 4062; x_wconf 87' lang='lat' dir='ltr'><strong>disputationis</strong></span> <span class='ocrx_word' id='word_1_274' title='bbox 1757 3976 2021 4044; x_wconf 82' lang='lat' dir='ltr'><strong>introitu</strong></span> <span class='ocrx_word' id='word_1_275' title='bbox 2061 3976 2129 4041; x_wconf 91' lang='lat' dir='ltr'><strong>in</strong></span> <span class='ocrx_word' id='word_1_276' title='bbox 2149 3977 2449 4051; x_wconf 70' lang='lat' dir='ltr'><strong>medium,</strong></span> <span class='ocrx_word' id='word_1_277' title='bbox 2470 3999 2619 4063; x_wconf 86' lang='lat' dir='ltr'><strong>pro·-</strong></span> 
     </span>
    </p>
   </div>
   <div class='ocr_carea' id='block_1_7' title="bbox 381 4121 890 4131">
    <p class='ocr_par' dir='ltr' id='par_1_7' title="bbox 381 4121 890 4131">
     <span class='ocr_line' id='line_1_34' title="bbox 381 4121 890 4131; baseline 0 797"><span class='ocrx_word' id='word_1_278' title='bbox 381 4121 890 4131; x_wconf 95' lang='lat' dir='ltr'><strong> </strong></span> 
     </span>
    </p>
   </div>
   <div class='ocr_carea' id='block_1_8' title="bbox 546 4208 2620 4304">
    <p class='ocr_par' dir='ltr' id='par_1_8' title="bbox 546 4208 2620 4304">
     <span class='ocr_line' id='line_1_35' title="bbox 546 4208 2620 4304; baseline 0.001 -12"><span class='ocrx_word' id='word_1_279' title='bbox 546 4237 603 4301; x_wconf 71' lang='lat'><strong>2)</strong></span> <span class='ocrx_word' id='word_1_280' title='bbox 639 4233 938 4291; x_wconf 68' lang='grc' dir='ltr'><strong>Ἐνθένδεν</strong></span> <span class='ocrx_word' id='word_1_281' title='bbox 985 4241 1179 4292; x_wconf 68' lang='lat' dir='ltr'><strong>vitiose</strong></span> <span class='ocrx_word' id='word_1_282' title='bbox 1229 4238 1482 4304; x_wconf 74' lang='lat' dir='ltr'><strong>seriptum</strong></span> <span class='ocrx_word' id='word_1_283' title='bbox 1535 4241 1617 4290; x_wconf 80' lang='lat' dir='ltr'><strong>est</strong></span> <span class='ocrx_word' id='word_1_284' title='bbox 1664 4237 1723 4288; x_wconf 84' lang='lat' dir='ltr'><strong>in</strong></span> <span class='ocrx_word' id='word_1_285' title='bbox 1773 4208 1891 4290; x_wconf 68' lang='lat' dir='ltr'><strong>eod.</strong></span> <span class='ocrx_word' id='word_1_286' title='bbox 1945 4235 2171 4303; x_wconf 74' lang='lat' dir='ltr'><strong>quodam</strong></span> <span class='ocrx_word' id='word_1_287' title='bbox 2222 4237 2417 4292; x_wconf 79' lang='lat' dir='ltr'><strong>Aeseh.</strong></span> <span class='ocrx_word' id='word_1_288' title='bbox 2470 4240 2620 4294; x_wconf 63' lang='lat' dir='ltr'><strong>Pulc.</strong></span> 
     </span>
    </p>
   </div>
   <div class='ocr_carea' id='block_1_9' title="bbox 247 4274 934 4390">
    <p class='ocr_par' dir='ltr' id='par_1_9' title="bbox 247 4274 934 4390">
     <span class='ocr_line' id='line_1_36' title="bbox 247 4274 934 4390; baseline 0.004 -16"><span class='ocrx_word' id='word_1_289' title='bbox 247 4274 256 4279; x_wconf 51' lang='grc'><strong><em>’</em></strong></span> <span class='ocrx_word' id='word_1_290' title='bbox 371 4324 505 4390; x_wconf 66' lang='grc' dir='ltr'><strong>ιος.</strong></span> <span class='ocrx_word' id='word_1_291' title='bbox 540 4320 662 4377; x_wconf 67' lang='lat' dir='ltr'><strong>aas.</strong></span> <span class='ocrx_word' id='word_1_292' title='bbox 697 4321 802 4377; x_wconf 75' lang='lat' dir='ltr'><strong>ise</strong></span> <span class='ocrx_word' id='word_1_293' title='bbox 833 4325 934 4377; x_wconf 53' lang='lat' dir='ltr'><strong>ab</strong></span> 
     </span>
    </p>
   </div>
  </div>
 </body>
</html>
