2946 4928
402 331 487 400 28
1155 329 1712 400 DISSERTATIO
1780 332 1887 400 vl

551 494 717 561 Hinc
737 494 1128 562 traducimur
1150 496 1234 561 ad
1253 495 1409 562 illud
1429 495 1877 562 vocabulorum
1896 513 2113 579 genus,
2135 498 2202 562 in
2228 514 2353 579 quo
2372 498 2505 562 iota
2519 515 2646 564 non

405 599 487 664 ad
532 598 959 664 substantiam
990 599 1260 664 nominis
1303 602 1376 663 ut
1415 599 1483 663 in
1526 601 1727 684 γυῖον,
1768 603 1954 683 μυῖα,
2001 598 2116 665 sed
2159 599 2241 664 ad
2285 617 2648 683 paragogen

406 703 504 782 ἴοῖ,
549 701 607 770 ἶὶι
651 705 769 766 etc.
814 701 1105 784 pertinet.
1193 700 1315 767 Hic
1368 701 1644 783 primum
1706 702 1773 766 in
1826 701 2206 768 mentionem
2263 701 2439 775 venit
2493 701 2643 767 sub·

407 803 749 869 stantivum
774 802 855 869 ab
879 803 1186 870 adiectivo
1211 804 1502 887 syntheto
1523 809 1957 887 propagatum,
1981 805 2061 870 de
2083 821 2207 886 quo
2227 802 2372 869 EM.
2388 799 2535 870 462.
2557 800 2646 869 22

404 906 614 971 relatu
659 906 848 988 digna
891 906 1124 988 promit
1168 906 1480 972 adiunctis
1517 906 1951 989 disparilibus:
1999 905 2187 995 παρὰ
2232 908 2308 972 τὸ
2356 901 2494 994 φυὴ
2540 899 2646 973 εὖ·

404 1006 572 1095 φυΐα
619 1005 892 1096 εὕρηται
950 1009 1060 1074 καὶ
1108 1004 1388 1095 εὖφὺεια
1435 1003 1593 1095 παρ’
1635 1003 1927 1089 ’Λλὲξιδι
1975 1008 2085 1075 καὶ
2132 1008 2317 1094 παρὰ
2363 1007 2438 1074 τὸ
2485 1004 2646 1097 τύχη

407 1109 517 1179 διὰ
562 1135 679 1177 του
710 1114 756 1182 ’ἱ
804 1106 1068 1192 εὐτυχία
1115 1109 1224 1176 καὶ
1272 1105 1570 1192 εὖτύχεια
1628 1110 1816 1199 παρὰ
1838 1115 2179 1200 Σοφοκλεῖ,
2223 1117 2369 1193 etp.
2392 1109 2538 1191 399,
2561 1110 2647 1176 37

402 1208 648 1299 εὐφυΐα
726 1208 976 1299 ὤφειλε
1053 1203 1201 1278 διὰ
1244 1213 1625 1298 &cp-Myron
1700 1208 2086 1300 γράφεσθαι
2158 1209 2249 1293 ὥς
2318 1209 2445 1279 ἀπὸ
2513 1216 2647 1279 τῶν

406 1311 501 1392 εἷς
540 1317 605 1400 ἦζ·
647 1310 921 1401 εὐσεβής
965 1308 1292 1396 εὐσέβεια,
1342 1309 1514 1378 ἀλλὰ
1559 1314 1643 1380 τὰ
1689 1313 1874 1402 παρὰ
1922 1316 1995 1381 τὸ
2027 1314 2177 1402 φύω
2201 1313 2490 1384 σύνθετα
2537 1313 2648 1383 διὰ

405 1421 519 1484 τοῦ
558 1419 629 1488 ἷι
681 1414 1009 1506 γράφεται
1059 1411 1274 1501 ἄφυΐα
1329 1414 1441 1482 καὶ
1499 1412 1771 1504 εὐφυΐα,
1841 1416 1915 1482 cf.
1972 1417 2055 1482 ad
2095 1417 2242 1483 Phr.
2288 1415 2431 1483 493.
2497 1417 2648 1485 Pari

411 1520 806 1604 indiligentia
848 1517 1320 1591 Choeroboscus
1384 1537 1633 1601 quoque
1688 1518 1866 1585 Orth.
1915 1519 2037 1586 182
2101 1521 2385 1587 diversas
2446 1518 2647 1585 nomi·

405 1641 561 1689 num
606 1624 849 1706 Species
891 1622 1142 1688 miscet:
1190 1615 1430 1707 εὐφυΐα
1487 1620 1600 1688 διὰ
1644 1624 1759 1688 τοῦ
1803 1625 1847 1691 ι’·
1910 1619 1990 1686 τὰ
2044 1620 2169 1710 γὰρ
2215 1621 2649 1708 προπαροξυ-

407 1722 648 1808 vtinam
715 1726 827 1794 διὰ
882 1727 1002 1810 τῆς
1069 1726 1137 1808 ff,
1201 1718 1508 1789 αὐθαδία
1575 1721 1687 1789 καὶ
1754 1718 2124 1798 αὐθάδεια,
2194 1726 2476 1810 συνηθιά
2538 1722 2650 1790 καὶ

413 1825 756 1916 συνήθεια.
805 1822 1076 1915 Ιιῧφυῖᾱ
1122 1830 1224 1891 est
1264 1827 1434 1906 apud
1478 1825 1807 1907 Theophr.‚
1850 1824 2062 1908 Polyb.
2108 1832 2175 1892 et
2216 1826 2540 1893 citeriores
2582 1831 2653 1892 et

299 2004 305 2009 ,
406 1930 555 1996 huic
577 1929 986 2013 congruentia
1005 1928 1277 2011 plurima
1300 1922 1537 2014 ἂφυΐα,
1586 1923 1847 2014 ὁιφυΐα,
1899 1925 2237 2014 διχοφυΐα,
2281 1925 2647 2014 κακοφυΐα,

406 2029 863 2119 μεγαλοφυΐα,
929 2028 1235 2116 υεοφυΐα,
1300 2024 1737 2116 ὂδόποφυῖα,
1796 2022 2177 2114 ὀρθοφυΐα,
2245 2027 2645 2116 πτεροφυΐα,

411 2132 752 2221 ῥιζοφυΐα,
800 2131 1197 2220 σαρκοφυΐα,
1244 2129 1621 2218 τριχοφυΐα,
1668 2148 1937 2213 quorum
1978 2131 2219 2197 nullum
2241 2131 2489 2197 Atticae
2512 2134 2650 2199 dia·

418 2236 568 2303 lecti
609 2237 802 2302 limen
845 2236 1122 2314 intravit,
1165 2235 1269 2300 vix
1308 2235 1509 2301 ullum
1552 2253 1592 2299 a
1632 2232 1837 2315 poetis
1878 2231 2271 2314 politioribus
2304 2232 2652 2301 admissum

338 2417 346 2423 ,
409 2344 536 2420 est,
603 2339 718 2405 sed
763 2337 1068 2421 Gregorio
1122 2337 1545 2403 condonamus
1601 2331 1902 2419 συμφυὶα
1966 2333 2032 2399 in
2086 2333 2388 2415 carmine,
2460 2355 2519 2401 ν.
2564 2336 2651 2403 ad

410 2438 556 2508 Phr.
583 2438 730 2523 493,
775 2445 842 2507 et
885 2440 1161 2523 Josepho
1182 2437 1401 2506 Rhac.
1419 2440 1485 2504 in
1519 2436 1779 2522 synops.
1821 2435 2004 2503 Rhet.
2051 2434 2118 2502 T.
2142 2435 2242 2503 ΠΙ
2273 2434 2400 2504 476
2434 2438 2540 2506 lin.
2564 2436 2650 2508 36

409 2562 664 2609 versum
705 2543 1043 2609 iambicum
1085 2543 1209 2609 huc
1252 2542 1603 2619 deducenti,
1650 2558 1772 2622 quo
1815 2540 2061 2622 ypsilon
2103 2545 2322 2619 contra
2364 2540 2462 2607 fas
2498 2560 2647 2625 pro·

352 2691 358 2704 ,
411 2645 677 2711 ducitur.
763 2640 1034 2733 Εὗφυία
1100 2643 1498 2727 trisyllabum
1561 2643 1616 2708 si
1672 2646 1904 2708 testem
1956 2642 2247 2722 haberet,
2315 2643 2651 2710 dicendum

354 2801 358 2808 ,
411 2746 602 2828 foret,
667 2749 800 2814 iota
841 2748 1284 2831 paragogicum
1351 2763 1493 2811 cum
1534 2744 1735 2826 ypsilo
1778 2745 2116 2810 thematico
2159 2744 2469 2811 coaluisse
2531 2764 2653 2829 per
2784 2809 2791 2818 ,

411 2852 772 2932 synaeresin
837 2848 971 2915 fere
1043 2853 1117 2915 ut
1170 2845 1338 2916 θυΐα
1385 2843 1512 2914 θυΐ
1516 2872 1576 2911 α.
1607 2883 1677 2893 -
1722 2845 2247 2934 Terminationem
2292 2847 2358 2916 εἴ
2402 2848 2652 2929 ypsilon

411 2951 730 3016 antecedit
770 2951 837 3015 in
879 2950 1159 3029 nomine,
1205 2949 1382 3016 cuius
1425 2948 1801 3014 Eustathius
1844 2948 2129 3014 meminit
2149 2958 2153 2963 “
2175 2944 2359 3028 1950,
2405 2947 2488 3013 63
2533 2949 2656 3035 τὴν
2702 2968 2708 2974 ·

416 3049 683 3118 νεκυίαν’
722 3052 892 3130 τινὲς
932 3052 1055 3135 μὲν
1098 3049 1264 3116 κατὰ
1320 3049 1437 3136 τὴν
1480 3052 1681 3133 μυῖαιὶ
1723 3048 2088 3137 γράφουσι,
2145 3049 2315 3128 τινὲς
2359 3051 2434 3119 δὲ
2476 3050 2650 3117 κατὰ

414 3151 530 3239 τῆν
579 3147 796 3232 ὅξῦαν.
884 3154 1005 3220 Illa
1047 3152 1346 3218 feminina
1408 3156 1511 3216 est
1552 3152 1843 3218 adiectivi
1906 3151 2078 3219 νέκυι
2088 3157 2162 3230 ος
2213 3154 2469 3243 positio,
2536 3155 2654 3220 sed

417 3253 810 3322 substantive
855 3255 1084 3321 dicitur
1127 3256 1207 3319 de
1248 3253 1590 3335 rhapsodia
1630 3253 1985 3334 Homerica,
2029 3272 2226 3336 quare
2268 3273 2652 3338 proparaxy-

413 3361 605 3423 tonon
668 3357 878 3425 facere
943 3357 1136 3423 malui
1201 3356 1365 3421 sicut
1427 3356 1555 3420 alia
1607 3356 1953 3421 carminum
2006 3358 2209 3439 elogia
2261 3353 2651 3443 Εὗρώπεια,

408 3453 772 3546 Ὀρέστεω,
814 3455 1186 3539 Ὀδύσσεια,
1225 3451 1613 3546 (Ἡράκλεια,
1659 3452 2121 3544 Λυκούργεια,
2167 3458 2651 3541 quibus‘gram·

412 3561 628 3626 matici
668 3562 835 3625 hunc
879 3565 1206 3626 accentum
1246 3560 1614 3641 nominatim
1658 3559 2027 3640 attribuunt,
2080 3560 2149 3625 in
2188 3561 2368 3626 libris
2411 3562 2652 3627 nostris

400 3680 604 3742 saepe
646 3662 1018 3743 neglectum.
1079 3658 1278 3738 Δύὶὶις
1312 3679 1361 3725 -a
1405 3657 1529 3747 δύη
1548 3711 1565 3742 ,
1623 3666 1697 3726 ut
1735 3661 2003 3741 videtur,
2049 3662 2401 3728 derivatum
2444 3662 2649 3727 Tbeo-
2683 3737 2698 3749 .

414 3768 674 3845 gnostus
719 3762 929 3844 affert3
958 3761 1389 3846 ex‘Aeschyli
1435 3763 1675 3829 cantico
1718 3764 2070 3844 relegatum
2112 3769 2227 3829 est.
2316 3763 2650 3830 Genitivus

414 3866 679 3947 pluralis
721 3862 1049 3953 βοτρυΐων
1091 3865 1325 3946 legitur
1365 3866 1432 3959 in
1475 3866 1730 3931 Anthol.
1774 3884 1917 3932 cum
1956 3866 2206 3947 punctis
2237 3866 2492 3931 minime
2529 3884 2648 3932 ne·

424 3967 717 4032 cessariis
761 3969 927 4033 sicut
967 3968 1116 4032 olim
1160 3965 1430 4054 πηχύὶ·ος
1451 3967 1847 4033 scribebatur
1888 3974 1954 4034 et
1985 3965 2261 4057 νηδύϊος,
2305 3987 2362 4033 V.
2384 3966 2653 4033 Elemm.

415 4069 448 4133 Ι
489 4066 635 4133 438.
666 4106 735 4117 --
766 4069 864 4134 Ab
887 4070 987 4134 his
1012 4069 1321 4153 syntheta‚
1367 4088 1530 4151 quae
1574 4071 1658 4154 ad
1677 4069 1905 4152 Phryn.
1928 4067 2056 4137 494
2088 4068 2318 4150 addidi,
2366 4066 2645 4155 δι’φυιος,

417 4167 805 4259 δεκᾶφυιος,
875 4169 1199 4251 differunt,
1264 4172 1432 4254 quod
1486 4171 1668 4242 haec„
1697 4171 1943 4254 ypsilon
2007 4190 2045 4236 a
2086 4169 2276 4236 verbo
2319 4176 2652 4252 acceptum

414 4272 679 4352 habent3
701 4273 995 4355 utrinque
1009 4279 1223 4339 autem
1239 4269 1681 4355 distati‘dmoffi
1708 4266 2054 4359 πατρυιός,
2079 4271 2387 4361 μητρυιά,
2415 4272 2650 4355 quibus
