2946 4928
494 344 623 413 364
1083 344 1199 411 DE
1242 342 1695 413 EPITHETIS
1740 342 2089 412 OTIOSIS.

359 486 372 490 ”
493 511 741 590 dentur,
808 510 986 575 cuius
1030 509 1304 590 vestigia
1347 509 1660 591 quaedam
1705 512 1924 575 nostra
1967 526 2219 591 quoque
2259 507 2480 590 lingua
2524 513 2734 576 servat

490 613 866 679 animalibus
910 613 1223 679 nonnullis
1266 631 1496 678 nomen
1540 612 1789 693 generis
1855 611 2218 693 appendens
2285 610 2387 676 vel
2452 612 2732 694 synthesi

491 716 592 782 vel
609 716 962 799 parathesi:
1007 713 1467 796 Pantheo-chier,
1508 712 1850 794 Eleutkehr,
1899 711 2013 776 der
2046 712 2235 799 Voqel
2256 710 2459 798 (ἔγωγ
2473 711 2728 805 (γρύψ).

490 820 586 885 Ac
629 819 684 885 si
728 820 972 901 species
1018 819 1332 900 quaedam
1376 812 1741 884 animalidm
1783 816 2000 898 plures
2067 813 2455 883 differentias
2521 817 2727 898 habet,

489 923 573 988 ad
613 923 732 1001 has
778 922 1254 1004 distinguendas
1298 922 1410 987 illa
1452 926 1758 1002 tanquam
1800 924 1952 985 nota
1994 918 2347 1001 generalior
2401 917 2483 983 de
2550 918 2727 984 indu-

487 1025 647 1091 stria
689 1024 1019 1090 indicatur.
1109 1024 1213 1090 Sic
1259 1022 1520 1111 δράκων
1565 1029 1632 1089 et
1678 1018 1840 1109 ὄφις
1879 1023 2066 1104 vulgo
2111 1023 2367 1104 quidem
2388 1039 2728 1105 synonyma

405 1158 410 1165 Α
492 1133 657 1208 sunt,
706 1127 819 1193 sed
862 1127 1084 1193 nihilo.
1105 1128 1310 1194 secius
1353 1126 1672 1193 Hesiodus
1717 1125 1948 1207 Theog.
1995 1124 2121 1191 322
2165 1130 2232 1191 et
2272 1124 2399 1190 825
2458 1125 2726 1191 alterum

486 1230 688 1296 altero
733 1230 1256 1311 circumscripsit:
1326 1223 1571 1316 ὄφιος
1615 1234 1957 1313 κρατεροῖο
2016 1222 2495 1314 δράκοντος,
2564 1228 2726 1310 quod

487 1337 555 1398 et
598 1332 705 1397 alii
747 1337 814 1397 et
860 1331 1264 1397 Hermannus
1307 1332 1444 1413 ipse
1490 1332 1638 1397 olim
1680 1349 1797 1412 pro
1841 1330 2142 1396 mendoso
2197 1330 2549 1410 damnavit3
2618 1330 2726 1395 sed

488 1434 654 1520 quid,
687 1435 854 1514 inter
895 1434 1055 1501 haec
1100 1440 1167 1501 et
1210 1436 1440 1501 similia
1483 1439 1850 1516 serpentum
1892 1433 2148 1499 nomina
2198 1431 2478 1513 differat,
2547 1433 2727 1499 docet

485 1537 676 1603 schol.
719 1537 874 1603 Eur:
903 1536 1009 1603 Or.
1055 1536 1181 1605 469
1227 1531 1406 1617 εἶδος
1450 1534 1592 1617 ἀντὶ
1641 1536 1867 1623 γένους
1911 1535 2162 1617 ἔλαβεν·
2205 1535 2395 1620 γένος
2434 1536 2558 1619 μὲν
2603 1536 2724 1624 γὰρ

484 1634 522 1707 ὅ
570 1637 744 1727 ὄφις,
792 1631 972 1720 εἶδος
1015 1640 1090 1708 δὲ
1135 1636 1171 1706 ὁ
1199 1638 1454 1729 δράκων
1499 1641 1611 1708 καὶ
1636 1639 1772 1724 ἔχις
1814 1638 1921 1706 καὶ
1964 1639 2046 1704 τὰ
2094 1637 2304 1705 λοιπὰ
2333 1645 2456 1705 τῶν
2478 1633 2723 1724 ὄφεων,

484 1761 609 1826 quo
654 1741 996 1826 significari
1038 1743 1290 1809 videtur
1334 1745 1573 1826 aspidis
1617 1761 1875 1813 nomen:
1944 1734 2104 1828 ὄφις
2147 1736 2188 1829 ἢ
2235 1736 2436 1819 ἀσπὶς
2482 1742 2725 1809 καλου-

482 1846 646 1933 μένη
688 1847 882 1912 Arist.
927 1845 1008 1912 H.
1053 1846 1213 1911 Ann.
1257 1845 1351 1910 IX
1387 1842 1434 1911 ’6
1481 1846 1621 1929 (7),
1686 1847 1980 1928 idemque
2035 1844 2186 1910 alibi
2230 1844 2534 1911 discernit
2603 1846 2723 1912 duo

483 1966 743 2030 genera:
812 1945 1187 2017 ἀπόλλυται
1232 1944 1367 2014 ὑπὸ
1432 1945 1792 2031 δράκοντος
1837 1951 1953 2013 τοῦ
2011 1940 2231 2033 ὄφεως
2292 1948 2360 2013 id
2434 1952 2537 2028 est
2604 1951 2722 2016 τοῦ
2844 2002 2849 2006 .

484 2045 709 2137 ὄφεως
773 2052 1187 2134 καλουμένου
1229 2050 1388 2116 VIII
1430 2050 1533 2116 20.
1580 2049 1725 2116 602.
1769 2050 1871 2132 25,
1938 2047 2014 2114 cf.
2070 2047 2443 2116 Schneider.
2512 2051 2722 2116 adnot.

486 2154 555 2219 Τ.
600 2152 699 2218 111
743 2151 886 2221 648.
932 2152 1017 2202 -ὲ
1035 2142 1379 2219 Ἠθείοᾶθο
1421 2152 1514 2218 1111
1549 2153 1780 2221 similia
1822 2157 1972 2220 sunt
2015 2153 2139 2218 duo
2159 2151 2516 2233 Homerica,
2563 2172 2726 2236 quae

482 2256 549 2322 in
612 2256 841 2322 Parall.
910 2255 1036 2322 344
1103 2257 1315 2322 attuli:
1383 2251 1573 2342 ἴρηξ
1635 2257 1911 2342 κίρκος
1977 2261 2044 2321 et
2108 2260 2244 2332 σῦς
2312 2251 2726 2341 κάπροςῑ),

457 2349 750 2440 'quorum
793 2359 1116 2424 nominum
1158 2359 1316 2425 illud
1381 2359 1552 2442 quod
1596 2358 1915 2424 antecedit
1956 2357 2313 2440 generalius
2357 2362 2458 2423 est
2501 2359 2725 2441 altero,

480 2480 677 2545 quare
723 2458 977 2548 γενικόν
1021 2462 1146 2528 dici
1188 2468 1401 2544 potest
1444 2467 1512 2528 et
1553 2461 1634 2528 ob
1678 2456 1806 2527 hoc'
1839 2462 2048 2544 ipsum
2108 2461 2344 2543 primo,
2375 2461 2515 2528 loco
2578 2463 2726 2544 poni

483 2567 642 2632 solet
686 2570 760 2631 ut
799 2568 964 2649 βοῦς
1006 2569 1249 2649 ταῦρος
1292 2567 1365 2632 11.
1410 2566 1478 2632 11
1520 2564 1677 2645 4803
1721 2583 1797 2630 ac
1842 2566 1896 2629 si
1940 2565 2093 2630 ordo
2115 2564 2468 2645 invertitur,
2513 2583 2724 2647 gram-

472 2659 696 2734 matici
737 2671 952 2735 notam
991 2657 1321 2750 apponunt
1362 2673 1436 2735 ut
1479 2669 1669 2734 schol.
1693 2668 1840 2734 Vat.
1865 2668 1936 2733 ll.
1960 2666 2147 2733 XVII
2170 2665 2295 2732 389
2343 2666 2479 2733 ἔδει
2524 2672 2571 2750 β
2588 2667 2724 2745 οὸς

481 2767 826 2856 ταύροιο
877 2766 1279 2856 προτάσσειν
1322 2769 1396 2837 τὸ
1443 2771 1698 2855 γενικὸν
1744 2773 1856 2835 τοῦ
1904 2766 2156 2837 εἰδικοῦ
2202 2766 2292 2846 ὥς
2335 2764 2492 2857 ἠΰτε
2535 2772 2724 2851 βοῦς

250 2871 262 2888 '
357 2949 368 2954 -
469 2878 729 2962 ’ταῦρος
773 2873 867 2956 (II
910 2871 1095 2955 480)·
1141 2871 1281 2940 ἔστι
1330 2873 1403 2941 δὲ
1449 2869 1714 2966 ᾇττικόν
1759 2871 1832 2937 τὸ
1883 2869 2058 2938 οὕτω
2104 2867 2498 2939 συντάττειν.

653 2973 1132 3042 Ver'sificatores
1156 2979 1330 3041 certa
1371 2976 1513 3057 lege
1559 2976 1869 3058 adstringi
1911 2994 2036 3040 non
2079 2975 2424 3056 patiuntur,
2471 2974 2586 3040 sed
2608 2974 2722 3039 At-

482 3081 587 3176 tici
619 3078 938 3160 ceterique
962 3079 1300 3159 scriptores
1322 3078 1475 3160 quid
1496 3079 1749 3160 sequuti
1773 3078 1902 3143 sint
1923 3079 2084 3145 scire
2107 3076 2320 3144 refert.
2366 3076 2722 3144 Difficultas

405 3185 408 3190 ’
482 3188 695 3249 autem
737 3182 805 3247 in
850 3199 926 3246 eo
969 3180 1229 3262 duplex3
1293 3199 1425 3246 una
1467 3180 1638 3262 quod
1681 3197 1870 3261 saepe
1914 3180 2228 3248 nescimus
2242 3230 2258 3261 ,
2324 3185 2541 3246 utrum
2599 3181 2722 3247 duo

481 3285 878 3353 substantiva
919 3283 1055 3349 sine
1078 3283 1301 3365 copula
1320 3283 1536 3347 iuncta
1579 3280 1650 3348 ἐκ
1697 3279 2135 3369 παραλλήλου
2164 3283 2373 3375 posita
2395 3301 2747 3376 aequoque=

478 3389 645 3453 inter
690 3405 759 3452 se
802 3386 967 3452 iure·
984 3387 1137 3466 Sint,
1206 3404 1288 3450 an
1333 3386 1606 3450 alterum
1650 3385 1836 3450 alteri
1872 3385 2294 3452 distinctionis
2338 3403 2551 3479 causa*
2573 3384 2717 3450 sub-

319 3479 355 3535 ?
478 3492 710 3557 iectum
756 3490 856 3555 sit.
944 3488 1066 3554 Illa
1130 3488 1441 3554 dubitatio
1509 3487 1767 3570 attingit
1808 3486 2038 3552 Heleni
2101 3487 2425 3569 epitheton
2492 3488 2719 3569 duplex

479 3593 552 3660 11.
596 3592 757 3658 XIII
800 3591 927 3656 582
975 3587 1179 3677 ἥρως
1223 3586 1457 3670 α’ναξ,
1525 3591 1649 3656 nisi
1691 3591 1783 3655 ita
1828 3590 2092 3655 dicimus
2135 3588 2351 3653 heroes
2406 3591 2719 3673 quoslibet

479 3696 601 3763 dici
644 3696 813 3761 viros
855 3694 1211 3774 honoratoS,
1259 3698 1566 3773 cantoreS,
1600 3711 1974 3775 praeconeS,
2029 3715 2315 3769 avanae
2344 3707 2501 3759 vero
2535 3712 2737 3776 reges

478 3800 665 3865 modo
709 3815 942 3879 eosque
1007 3797 1115 3878 qui
1157 3796 1333 3877 regio
1377 3796 1683 3878 sanguine
1727 3796 1850 3861 orti
1895 3800 2045 3861 Sunt
2109 3796 2276 3862 Sicut
2336 3796 2469 3861 ille
2486 3796 2717 3862 Priami

478 3900 692 3983 filius3'
722 3919 845 3983 quo
891 3899 1135 3965 accedit
1177 3898 1345 3980 quod
1388 3894 1567 3985 ἥρως
1610 3897 1898 3964 absolute
1955 3898 2213 3979 diciturff,
2260 3899 2532 3964 alterum
2574 3917 2718 3966 vero

479 4024 619 4072 cum
665 4003 942 4088 genitivo
986 4001 1372 4068 construitur
1414 4001 1685 4091 nominis
1728 4000 2045 4067 hominem
2088 4001 2401 4082 superiori
2453 4003 2719 4085 cuipiam

618 4241 674 4305 1)
708 4242 859 4294 Haec
894 4240 1142 4295 differunt
1175 4243 1377 4310 aliquid
1414 4259 1448 4294 a
1502 4245 1740 4309 superius
1794 4242 1970 4295 allatis
2021 4235 2248 4315 ὄρνιθες
2297 4246 2559 4314 αὶγυπιοί
2604 4249 2718 4309 etc„

345 4305 362 4315 κ
485 4346 622 4397 quae
654 4329 939 4383 Elmsleius
974 4330 1045 4381 ad
1078 4331 1273 4383 Bacch.
1312 4327 1448 4385 1025
1485 4337 1604 4381 cum
1640 4330 1723 4382 his
1759 4325 1977 4412 confert.
