2946 4928
472 337 586 403 DE
632 336 1121 419 SYNAERESI‚
1164 338 1565 409 DIAERESI
1611 341 1730 409 etc.
1795 337 1863 405 P.
1887 338 1969 404 II.
2015 337 2082 405 C.
2104 338 2154 405 I.
2201 338 2255 424 ᾖ.
2273 338 2340 404 ·4.
2449 336 2532 404 67

470 501 711 571 Faceta
750 507 852 571 est
891 494 1213 573 Eustathfi
1255 503 1616 593 coniectura
1658 501 1759 570 63.
1804 501 1874 583 3,
1939 507 2015 571 ut
2057 505 2191 582 σῶς
2233 520 2312 569 ex
2351 497 2537 585 σόος,

296 605 391 675 ita
435 601 683 692 πρῶρα,
741 623 820 673 ex
883 601 1144 694 προόρα
1195 607 1511 687 extitisse,
1578 611 1647 673 et
1701 594 2036 675 adiuvatur
2078 605 2538 688 quodammodo

297 709 528 779 audaci
569 707 864 790 Aeschyli
907 709 1278 808 metaphora
1322 707 1538 792 Suppl.
1584 708 1710 777 697
1776 708 1891 787 καὶ
1945 714 2189 798 πρῶρα
2234 706 2540 799 πρόσθεν

297 802 595 894 ὄμμασιν
631 807 951 893 βλέπουὸ
1003 807 1182 890 ὁδόν,
1251 813 1366 879 sed
1407 812 1643 883 nemini
1685 811 1851 883 Serio
1880 810 1972 879 'in
2010 817 2289 883 mentem
2330 814 2542 883 veniet

298 912 386 997 [v.
430 911 599 981 infra
640 931 776 996 cap.
819 913 919 980 111
963 915 1018 1000 ἓ.
1064 914 1153 1000 5].

1269 1153 1439 1237 Gap.
1495 1154 1578 1220 Π.

428 1321 541 1396 De
590 1319 948 1399 vocalium
999 1321 1457 1399 diversarum
1510 1347 1603 1396 ex
1649 1320 1935 1401 duabus
1985 1319 2318 1420 syllabis,
2348 1323 2426 1405 in

780 1446 783 1449 ’
1077 1484 1290 1534 unam
1340 1460 1783 1551 confusione.

470 1633 528 1719 §-
578 1632 632 1700 1.
718 1633 959 1717 Primo*
972 1636 1109 1702 loco
1144 1638 1621 1709 memorandum
1641 1641 1743 1705 est
1763 1634 1954 1718 alpha
1971 1634 2353 1718 privativum
2396 1654 2539 1705 cum

296 1735 500 1818 epsilo
521 1742 915 1809 contractum
957 1739 1024 1807 in
1067 1738 1374 1809 adiectivo
1422 1733 1654 1820 ἀέκων,
1700 1757 1824 1821 quo
1846 1736 2161 1809 Homerus
2183 1757 2299 1820 per
2322 1756 2539 1809 omnes

297 1856 491 1907 casus
532 1843 601 1905 et
641 1859 937 1915 numeros
983 1841 1233 1911 circiter
1278 1841 1487 1907 decies
1532 1841 1735 1911 utitur
1776 1859 1848 1907 se
1861 1841 1903 1906 d
1948 1841 2199 1906 diverse
2243 1838 2426 1924 fingit
2468 1843 2535 1907 in

296 1941 500 2011 duali:
556 1942 650 2009 τὼ
718 1939 775 2011 δ’
827 1939 946 2011 οὐκ
990 1938 1226 2011 ἄκοντε
1272 1946 1631 2033 πετέσθην,
1697 1964 1814 2027 pro
1858 1962 1983 2027 quo
2027 1945 2205 2013 codd.
2253 1944 2539 2011 nonnulli

300 2038 572 2120 ἀέκοντε
602 2047 927 2127 praebent,
970 2047 1160 2130 idque
1203 2047 1488 2131 Heynius
1513 2048 1871 2115 Bentleium
1917 2065 2187 2129 sequens
2234 2046 2306 2112 Il.
2330 2047 2390 2113 V
2413 2046 2542 2113 366

297 2146 533 2229 ubique
574 2148 767 2222 [scribi
808 2149 1004 2231 iubet,
1051 2152 1166 2216 sed
1208 2151 1603 2234 improbatur
1643 2149 1918 2235 [probat.
1961 2149 2225 2235 Bekk.];
2283 2148 2538 2219 femini-

298 2266 453 2315 num
494 2242 794 2335 ὄξκουσειιι,ι
818 2254 990 2334 quod
1030 2254 1098 2319 in
1139 2254 1220 2320 H.
1250 2255 1331 2321 H.
1375 2256 1443 2321 in
1478 2254 1616 2321 Cer.
1659 2272 1915 2320 versum
1957 2252 2228 2334 inchoat,
2274 2253 2539 2323 Vossius

299 2351 654 2429 Atticismis
714 2354 917 2423 huius,
943 2360 1168 2437 poetae
1215 2357 1606 2427 adnumerat.
1736 2357 1981 2425 Eadem
2046 2356 2359 2439 particula
2404 2356 2542 2439 soni
2673 2430 2676 2435 ⁴

298 2455 485 2552 modo
528 2457 939 2539 productione
985 2459 1381 2541 cognoscitur
1422 2460 1490 2526 in
1537 2460 1864 2542 adiectivd
1921 2459 2093 2544 quod
2136 2457 2539 2530 Herodianus

299 2559 379 2628 de
421 2559 718 2628 Dichron.
763 2560 908 2629 297.
959 2561 1035 2628 15
1091 2563 1332 2644 attigit:
1400 2563 1477 2630 τὸ
1545 2560 1750 2652 ἀργός
1814 2557 2261 2646 ἐκτεινόμενον
2302 2558 2376 2629 ἐκ
2420 2567 2540 2630 τοῦ

300 2657 540 2747 deero«,-
583 2662 724 2731 ἐστι
769 2666 1341 2752 συναληλιμμένον,
1390 2668 1505 2732 sed
1525 2666 1802 2733 Homero
1845 2667 2128 2748 ignotum
2151 2670 2269 2738 est.
2289 2702 2360 2712 —
2388 2665 2543 2731 Post

270 2765 467 2856 xhunc
531 2767 599 2834 in
662 2767 869 2834 lucem
934 2769 1195 2836 emersit
1254 2769 1478 2838 eodem
1543 2770 1728 2838 modo
1773 2768 2188 2851 compositum
2235 2763 2397 2852 ‹iffa›
2442 2768 2544 2852 (ut

286 2862 547 2955 ὠπήν)
573 2868 853 2951 Theocr.,
896 2871 1066 2940 unde
1098 2865 1454 2953 Hesychius
1499 2872 1963 2944 substantivum
2008 2866 2273 2958 ἀχηνία,
2289 2871 2541 2953 repetit,

298 2971 415 3038 sed
456 2971 864 3042 Herma-nmis
933 2974 1014 3042 ad
1058 2973 1280 3056 Agam.
1325 2973 1452 3042 400
1496 2973 1735 3042 refutat
1778 2994 1871 3053 eo,
1938 2974 2107 3057 quod
2149 2974 2308 3050 illud
2352 2973 2543 3058 alpha

298 3074 557 3157 longum
620 3075 842 3156 habet,
906 3081 976 3144 et
1040 3077 1194 3144 mihi
1257 3095 1507 3160 quoque
1573 3072 1810 3166 ἀχηνία
1866 3079 2132 3162 simplex
2173 3077 2427 3146 videtur
2469 3082 2544 3142 ut

301 3173 602 3261 ἀχάνεια,
644 3179 902 3261 quicum
944 3197 1070 3246 non
1109 3179 1332 3248 literas
1378 3181 1583 3248 solum
1626 3181 1869 3262 aliquas
1902 3186 1975 3247 ut
1997 3177 2158 3266 ἀχήν
2179 3198 2542 3246 communes

301 3280 527 3361 habet,
594 3282 711 3348 sed
732 3283 945 3374 *etiam
990 3281 1411 3365 significatum
1451 3283 1807 3350 vacuitatis.
1857 3321 1929 3331 -
1982 3281 2261 3362 Simplex
2326 3274 2542 3347 ἆθλον

188 3433 197 3442 ,
298 3385 534 3467 legitur
597 3385 665 3450 in
725 3386 889 3467 pede
953 3386 1158 3467 primo
1216 3385 1336 3451 Od.
1379 3385 1539 3451 VIII
1589 3383 1709 3452 160
1774 3384 1952 3462 libris
2020 3383 2542 3465 conspirantibus,

299 3487 417 3554 sed
480 3486 883 3556 Muetzellius
931 3489 1015 3554 ad
1061 3487 1292 3570 Theog.
1361 3507 1421 3569 p.
1465 3486 1552 3556 40
1613 3487 1763 3553 hinc
1808 3479 2063 3554 ἶίεθλον
2115 3483 2367 3572 profert
2425 3503 2544 3568 per

300 3592 636 3672 symesin,
700 3592 999 3674 idemque
1063 3591 1139 3657 Il.
1203 3590 1419 3658 XXIV
1464 3588 1590 3658 734
1652 3589 1883 3672 probat
1947 3584 2309 3669 &wicham
2375 3588 2545 3674 quod

299 3692 567 3764 Wolfius
629 3695 933 3777 praetulit
999 3699 1321 3762 contracto
1334 3744 1350 3775 ,
1416 3699 1485 3760 et
1515 3693 1883 3770 ‚Boeckhius
1948 3711 2197 3776 quoque
2257 3693 2326 3758 in
2369 3691 2543 3760 Nott.

302 3795 456 3872 Grit.
502 3796 602 3864 Ol.
644 3797 769 3864 VII
804 3796 897 3866 *63
964 3797 1240 3863 Pindaro
1307 3802 1373 3862 et
1435 3797 1554 3862 hoc
1597 3797 1875 3864 vindicat
1925 3801 1992 3861 et
2035 3794 2264 3868 similia
2309 3788 2541 3877 ἀέκων,

301 3901 606 3989 «pannos.
691 3899 870 3966 Haec
912 3905 979 3966 et
1020 3904 1237 3966 cetera
1277 3899 1722 3968 contractionis
1767 3898 2053 3980 exempla
2091 3896 2546 3966 Callimachum

298 4003 639 4074 verborum
678 4019 984 4070 novorum
1038 4008 1427 4085 captatorem
1490 4001 1829 4085 pellexisse
1869 4001 2164 4069 videntur
2177 4050 2193 4081 ‚
2260 4005 2335 4074 ut
2373 4002 2544 4067 vices

298 4111 582 4174 verteret
646 4110 836 4189 atque
903 4099 1096 4190 ἅμμα
1164 4104 1522 4190 diffingeret
1586 4106 1653 4171 in
1722 4097 1946 4188 ὅῖεμμα
2013 4103 2269 4172 insolita
2328 4104 2545 4183 utique
2586 4139 2596 4151 2

301 4209 528 4293 dialysi
569 4226 726 4276 usus
771 4209 935 4294 [Vol.
980 4209 1014 4274 I
1056 4206 1230 4295 414].
1260 4247 1332 4268 --
1358 4195 1717 4276 Atticorum
1781 4207 2161 4288 scriptorum
2214 4222 2337 4269 usu
2381 4203 2542 4267 cele-

298 4312 555 4380 bratum
620 4318 722 4380 est
778 4312 1149 4379 adverbium
1172 4304 1400 4402 .ἂ’ρδην
1414 4363 1435 4396 ,
1505 4318 1573 4378 et
1634 4312 1702 4377 id
1745 4310 1961 4392 alpha,
2026 4315 2123 4456 ut5
2142 4304 2544 4430 {Ierodianus
