2946 4928
440 333 563 400 180
949 368 954 373 ·
1204 331 1764 401 DISSERTATIO
1807 332 1948 401 VII.

432 495 671 583 μετοχὴ
699 491 843 562 ἀντὶ
887 489 1201 585 ῥήματος.
1271 496 1479 580 Magis
1502 502 1715 564 tamen
1749 497 2271 581 hquropendeO,
2295 503 2368 563 ut
2388 494 2683 562 Nonnum

432 598 897 681 hemistichium
920 599 1325 667 Homericum
1365 600 1583 684 θυμὸς
1627 601 1703 669 δέ
1745 625 1850 668 τοι
1898 598 2038 669 αἰὲν
2083 595 2368 679 ἄπιστος
2390 598 2507 665 od.
2531 598 2683 664 XIV

439 701 562 767 150
602 702 668 767 in
715 720 900 767 suum
943 722 1129 768 usum
1195 704 1583 770 convertisse
1626 709 1860 787 putem.
1951 704 2239 770 Alterum
2283 703 2436 769 XIV
2480 700 2607 768 264

521 804 659 872 Καὶ
705 805 940 894 λασιήν
986 807 1369 894 Κένταυρος
1413 805 1582 889 ἔχων
1626 806 2043 896 φρίσσουσαν
2088 802 2345 895 ὑπήνην

520 905 616 988 εἷς
662 908 854 993 ζυγὸν
895 905 1409 987 αὐτοκέλευστος
1454 907 1759 978 ἑκούσιον
1806 907 2046 993 αὐχένα
2093 915 2377 977 τεῖνεν.

391 1017 406 1027 “
516 1011 626 1077 καὶ
670 1008 983 1099 Σατύρων
1030 1012 1204 1078 πολὺ
1247 1014 1501 1096 μᾶλλον
1544 1012 1709 1094 ἔχων
1753 1010 1980 1080 πόθον
2026 1008 2221 1097 ἡδέος
2270 1009 2454 1079 οἴνου

514 1110 829 1202 ἡμιτελὴς
870 1114 1243 1198 χρεμέτιζεν
1287 1110 1450 1202 ἀνὴρ
1496 1118 1966 1202 κεκερασμένος
2006 1112 2203 1204 ἵππῳ

517 1213 774 1303 ἱέμενος
818 1214 1140 1284 Διόνυσον
1186 1214 1323 1296 ἑοῖς
1368 1212 1645 1311 ὤμοισιν
1692 1214 1963 1307 ἀείρειν·

431 1319 512 1386 ab
558 1321 779 1386 eodem
825 1319 1251 1384 substitutum.
1283 1324 1384 1384 est
1425 1340 1543 1402 pro
1585 1322 1918 1404 participio
1964 1318 2202 1399 τείνας,
2257 1322 2427 1403 quod
2467 1322 2681 1389 nescio

432 1443 512 1489 an
558 1441 635 1488 ex
680 1423 804 1489 alio
847 1442 1038 1489 versu
1084 1440 1463 1505 suspensum
1510 1425 1594 1489 sit
1635 1424 1783 1489 huic
1823 1425 2202 1507 praeposite,
2250 1425 2476 1490 deinde
2522 1444 2562 1490 a
2605 1425 2680 1489 li-

428 1527 676 1607 brariiS‚
723 1532 795 1592 ut
836 1527 1020 1592 multi
1062 1527 1128 1592 in
1170 1527 1270 1591 his
1314 1526 1513 1607 libris,
1557 1529 2036 1608 praetermissO,
2085 1528 2198 1593 tali
2242 1527 2376 1594 fere
2424 1533 2678 1593 senten-

431 1632 559 1696 tia:
602 1630 823 1718 χερσὶν
869 1626 1422 1698 ὀπισθοτόνοισιν
1469 1624 1779 1717 έῖἲτροχον
1798 1621 2007 1697 εἷλκεν
2034 1625 2310 1719 ἀπήνην,
2360 1631 2539 1696 cuius
2574 1651 2678 1697 ac-

319 1726 326 1731 ’
430 1735 695 1800 cusativi
739 1751 882 1799 cum
926 1739 1246 1816 postremo
1289 1734 1478 1815 primi
1521 1752 1744 1798 versus
1787 1734 2039 1798 nomine
2072 1735 2482 1800 consonantia
2526 1753 2707 1803 cau-.

431 1856 568 1902 sam
611 1837 1185 1918 praetermissionis
1231 1836 1511 1901 ostendit
1533 1855 1659 1900 non
1685 1835 2178 1919 improbabilem.
2268 1837 2556 1903 Eandem
2585 1838 2699 1908 la-,

431 1959 630 2005 cunae
678 1939 1097 2020 suspicionem
1135 1939 1408 2021 praebet
1451 1939 1681 2003 tertius
1737 1939 1912 2004 locus
1977 1939 2055 2005 de
2122 1939 2483 2006 excubitore
2502 1996 2505 2003 .
2526 1940 2681 2006 XXI

430 2042 556 2108 342
580 2040 889 2110 ἐνόπλιον
920 2039 1124 2108 ῧπνον
1173 2037 1376 2106 ἶαιῗων
1402 2038 1438 2125 Η
1467 2042 1780 2124 δέγμενος
1823 2042 2178 2130 ἐρχομένης
2222 2047 2534 2132 στρατιῆς
2577 2038 2681 2109 εἰὶ-

429 2153 692 2234 ρυθμον
733 2141 954 2211 Ἐνυώ·
999 2163 1146 2209 nam
1190 2144 1291 2208 hic
1333 2161 1582 2225 quoque
1605 2143 1903 2211 credibile
1934 2151 2035 2212 est
2054 2151 2197 2227 post
2239 2142 2464 2228 ἰαύων,
2510 2146 2680 2227 quod

429 2248 721 2315 Graefius
764 2249 831 2313 in
873 2246 1309 2328 imperfectum
1331 2246 1540 2325 vertit,
1587 2246 1871 2329 elapsum
1916 2267 2057 2314 esse
2079 2250 2477 2330 versiculum,
2524 2268 2679 2331 qua-

425 2353 520 2418 les
565 2352 797 2417 multos
841 2349 1079 2432 fingere
1123 2368 1458 2431 possumus
1504 2368 1556 2415 e.
1604 2367 1663 2415 c.·
1722 2348 2048 2436 πάννυχος
2117 2348 2445 2441 ὡμίλησε
2475 2353 2671 2437 φιλο-

431 2457 857 2540 πτολέμοισιν
902 2449 1239 2540 ὄνείροιςΗ
1268 2452 1594 2540 δέγμενος.
1599 2453 1661 2538 *)
1711 2491 1784 2505 -
1836 2455 2017 2534 Quod
2059 2462 2351 2540 superest
2391 2435 2506 2522 XL
2556 2454 2678 2522 192

515 2558 851 2647 κικλήσκει
897 2558 971 2625 σέ
1019 2554 1279 2646 δράκων
1326 2554 1528 2624 πάλιν
1577 2555 1651 2637 ὅς
1697 2583 1770 2625 σε
1817 2557 2075 2643 δίωκεν,

517 2661 814 2749 φρουρὸν
860 2657 1220 2746 ἇσυλῆτοιο
1265 2654 1483 2744 γάμου
1529 2661 1848 2747 συριγμὸν
1892 2658 2133 2728 ι’άλλων

429 2765 720 2830 Struvius
779 2765 844 2829 in
907 2763 1125 2844 Progr.
1192 2763 1383 2829 schol.
1456 2763 1532 2827 de
1596 2765 1770 2828 eoeztu
1814 2776 2101 2829 versuum
2166 2765 2234 2828 in
2278 2763 2502 2829 Nomai
2539 2788 2676 2829 car-

425 2867 695 2930 minibus
741 2886 882 2932 ann.
935 2866 1093 2932 1831
1121 2885 1200 2948 p.
1247 2865 1331 2931 24
1376 2866 1539 2931 hanc
1580 2864 1818 2933 Graefii
1863 2868 2313 2933 correctionem
2357 2868 2435 2933 ob
2481 2869 2671 2933 aliam

426 2988 683 3035 causam
725 2970 1088 3050 improbans
1156 2974 1267 3033 aut
1329 2987 1634 3050 praesens
1680 2967 1895 3037 ἰάλλει
1939 2971 2300 3052 ponendum
2345 2977 2457 3036 aut
2523 2989 2670 3053 par-

425 3072 706 3154 ticipium
749 3089 923 3135 more
967 3075 1192 3152 poetae
1235 3071 1568 3152 participia
1590 3073 1967 3138 cumulantis
1990 3074 2418 3139 excusandum
2439 3080 2672 3140 censet.

598 3178 652 3261 §.
700 3177 757 3244 7.
845 3173 1002 3240 Pars
1050 3173 1253 3238 altera
1298 3174 1604 3238 sermonis
1649 3175 1924 3241 instituti
1968 3177 2327 3242 versabitur
2368 3177 2433 3241 in
2488 3195 2667 3258 poe-

425 3281 528 3346 tis
565 3279 937 3350 scenicis,
1026 3276 1191 3341 Nam
1237 3276 1314 3341 de
1360 3275 1460 3339 his
1505 3294 1755 3357 quoque
1786 3283 2108 3344 certamen
2134 3280 2409 3360 incessit,
2455 3285 2668 3345 utrum

426 3382 732 3465 syllabam
754 3380 1217 3447 indifferentem
1241 3379 1548 3458 auxerint,
1585 3398 1666 3458 an
1687 3399 1829 3446 non.
1899 3381 1974 3446 In
1996 3381 2438 3463 Aristophanis
2461 3381 2665 3447 Nubb.

421 3484 546 3550 317
594 3483 704 3552 καὶ
753 3492 903 3550 νοῦν
947 3481 1100 3566 ὑμῖν
1144 3482 1538 3567 παρέχουσιν
1567 3478 1603 3568 ΙΙ
1632 3483 1739 3548 καὶ
1808 3483 2150 3569 τερατείαν
2194 3485 2528 3551 Ernestius
2593 3489 2668 3551 νῦ

425 3587 762 3652 delendum
807 3591 1041 3665 censet,
1109 3603 1297 3666 quem
1362 3584 1649 3666 sequitur
1692 3585 2076 3667 BrunckiuS,
2142 3594 2455 3671 repugnat
2518 3607 2666 3654 vero

424 3685 872 3755 Hermannusi
900 3687 1097 3769 „Etsi
1111 3686 1332 3751 ultima
1354 3684 1577 3751 horum
1619 3709 1916 3754 versuum
1961 3690 2206 3777 syllaba
2246 3691 2500 3756 numeri
2535 3691 2663 3777 Zeqe

423 3791 627 3856 brevis
671 3803 780 3875 est,
830 3805 1034 3855 tamen
1079 3787 1168 3853 ad
1206 3788 1281 3853 id
1322 3789 1532 3874 ajo-sum
1573 3791 1830 3855 inventa
1873 3803 1965 3856 εει
2008 3790 2381 3879 κατάληξις,
2450 3806 2521 3858 ut
2563 3792 2661 3857 de-

422 3894 685 3959 bilitatis
726 3895 978 3959 numeri
1012 3892 1252 3957 viribus
1295 3915 1420 3957 vom
1463 3895 1810 3977 requiescat
1821 3917 1845 3978 ,·
1911 3895 2018 3960 cui
2065 3895 2170 3959 rei
2206 3895 2353 3960 bene
2397 3896 2663 3961 consuli-

524 4256 583 4321 *)
622 4257 693 4309 In
718 4273 898 4325 progr.
934 4256 1152 4310 XXIII
1183 4256 1315 4309 Mai.
1354 4257 1490 4312 1853
1515 4275 1576 4325 p.
1605 4260 1638 4312 5
1673 4258 1753 4312 hio
1779 4258 2072 4328 propositus
2105 4268 2209 4313 eote

624 4342 937 4415 ,,φροντίδα
968 4344 1342 4411 βουκολέεσκε,
1361 4345 1859 4413 φιλοπτολέμοισιν
1880 4343 2183 4418 ’ὀνείροις.“
