2946 4928
306 244 315 249 ’
380 382 389 391 ³
446 283 563 350 DE
608 282 1095 367 sYNAEaEs1‚
1140 280 1544 350 numum
1584 287 1700 349 ote.
1767 282 1835 350 P.
1859 282 1941 351 11.
1988 281 2128 351 0.1.
2175 284 2229 368 ἓ.
2254 283 2311 350 2.
2427 281 2511 373 ,⁹³

133 527 141 533 ἡ
275 445 501 510 ultima
562 447 839 527 poffltum
904 464 1045 512 esse
1109 446 1263 512 dicit
1326 465 1361 511 e
1406 409 1771 512 charactere
1816 445 2268 511 adieetivorum
2310 450 2510 511 mate-

251 549 527 614 rialium
549 555 832 634 χρυσοῦς
854 550 971 613 etc'.
982 547 1078 631 ¹⁰),
1120 549 1203 613 de
1227 549 1454 632 quibus
1480 568 1672 631 supra
1693 549 1952 615 locutus·
1965 567 2121 614 sum.
2190 548 2513 632 Odysseae

272 652 599 733 proprium
664 655 764 716 est
825 651 1288 716 substantivum
1356 651 1644 738 ἐπέθηκε
1689 652 1941 739 θυρεὸν
1982 651 2208 738 μέγαν.
2261 689 2332 700 -—
2382 651 2511 716 No-

273 753 533 834 minum,
599 772 762 836 quae
808 754 1050 834 epsilon
1094 755 1180 817 ¹in
1248 752 1499 822 casibus
1544 753 1814 835 obliquis
1859 754 2199 833 asciscunt,
2243 755 2512 821 maxime

274 855 553 933 notabile
597 863 699 921 est
743 852 905 925 ἕλοιο
949 856 1029 921 ob
1074 855 1416 938 genitivum
1462 856 1734 937 synizesi
1777 856 2224 937 interpolatum
2267 850 2512 935 ἄστεος,

273 948 462 1039 quem
507 958 843 1041 Euripides
887 960 983 1027 El.
1029 959 1157 1024 300
1221 960 1286 1023 111
1351 956 1618 1023 confinio
1663 958 1952 1041 dipodiae
2016 960 2262 1039 primae
2304 965 2370 1023 et
2412 977 2522 1035 se-¹

225 1058 231 1069 '
274 1062 518 1126 eundae
561 1063 775 1143 posuit
820 1060 1055 1149 πρόσω
1101 1061 1229 1150 γὰρ
1275 1053 1517 1139 ἄστεος
1562 1053 1749 1137 οὖσα,
1798 1079 1995 1143 quare
2041 1080 2080 1126 a
2108 1061 2387 1126 Porsono
2432 1061 2516 1125 ad·
2559 1070 2565 1075 ’
2617 1146 2631 1159 .

278 1162 385 1229 Or.
431 1162 555 1229 393
624 1183 766 1230 cum
832 1164 1258 1248 monosyllabo
1322 1159 1487 1241 θεός
1537 1162 1884 1244 confertum
1949 1166 2318 1247 plerumque
2363 1182 2513 1230 vero

275 1267 503 1348 tragici
530 1267 791 1348 spondei
813 1268 948 1332 loco
980 1271 1245 1332 utuntur
1269 1266 1479 1331 Attico
1526 1259 1795 1349 δίστεως,
1844 1266 1917 1332 cf.
1948 1267 2179 1332 Bernh.
2202 1266 2512 1331 Matthiae

272 1367 423 1433 Lex.
466 1368 685 1451 Eurip.
731 1369 764 1434 I
804 1367 949 1434 434.
1040 1367 1253 1433 Crasis
1297 1367 1402 1433 hic
1442 1366 1618 1433 nulla
1661 1370 2038 1452 supervenit.
2130 1369 2256 1435 Sed
2302 1374 2514 1457 πῆχυς

271 1472 619 1552 genitivum
663 1471 975 1553 triplicem
1018 1470 1268 1552 peperit
1315 1470 1578 1559 πήχεος,
1631 1470 1892 1559 πήχεως
1937 1469 2204 1560 πήχους,
2254 1473 2368 1539 sed
2410 1473 2513 1539 hic

265 1573 611 1640 ⁴damnatus
677 1572 716 1640 a
757 1562 1127 1657 Phrynicho.
1224 1572 1351 1637 Par
1415 1572 1803 1639 abundantia
1868 1576 2161 1641 adiectivi
2219 1570 2512 1661 ἡμίσεος,

275 1671 591 1760 ἡμίσεως,
615 1672 915 1762 ἡμίσους,
947 1677 1123 1741 cuius
1144 1680 1345 1741 testes
1368 1681 1473 1740 sat
1491 1677 1674 1741 multi
1698 1682 1845 1741 sunt
1867 1664 1977 1761 [ad
1991 1677 2218 1759 Phryn.
2232 1675 2358 1741 246
2371 1677 2512 1761 sq.],

271 1779 391 1843 sed
453 1798 681 1861 parum
741 1777 993 1861 probati
1035 1778 1394 1843 Herodiano
1456 1780 1523 1843 in
1565 1779 1748 1844 Excc.
1796 1781 1877 1869 ad
1920 1780 2147 1863 Phryn.
2193 1777 2337 1859 452,
2404 1779 2512 1861 qui

271 1879 591 1946 adjectiva
629 1883 694 1946 in
729 1886 791 1959 23}
834 1881 1126 1947 exeuntia
1168 1882 1453 1947 contrahi
1496 1883 1705 1947 omnia
1745 1888 1954 1965 negat.
1985 1921 2056 1931 -
2084 1883 2328 1948 Eadem
2371 1882 2511 1964 lege

273 1975 438 2070 Ξίφις
482 1989 550 2047 et
593 1988 807 2049 cetera
848 1985 916 2048 in
959 1987 1011 2060 ξ
1058 1984 1515 2050 circumscribit
1556 1985 1699 2050 EM.
1746 1985 1887 2049 770.

446 2084 662 2150 Verba
725 2088 1163 2168 perispomena
1231 2087 1390 2169 epici
1455 2093 1568 2152 aut
1630 2107 1755 2153 non
1819 2087 2197 2153 contrahunt
2261 2092 2372 2153 aut
2421 2088 2513 2154 ita

271 2180 655 2253 contrahunt
696 2193 770 2253 ut
811 2188 995 2255 Iones
1041 2190 1246 2256 solent
1288 2192 1567 2272 exceptis
1610 2193 1826 2273 paucis
1841 2243 1856 2271 ,
1902 2209 2168 2273 quorum
2212 2192 2509 2255 vetustis-

272 2292 507 2357 simum
574 2296 674 2356 est
717 2287 1156 2381 ἄνεῤῥίπτουν
1200 2290 1329 2359 ἅλα
1375 2292 1492 2358 Od.
1536 2294 1696 2358 XIII
1742 2293 1841 2374 78,
1910 2293 1988 2358 de
2032 2312 2156 2375 quo
2199 2293 2354 2358 nihil
2398 2294 2524 2359 ad-·

272 2399 562 2460 notatum
606 2394 872 2477 reperio,
919 2394 1032 2459 sed
1074 2413 1187 2477 pro
1235 2391 1420 2476 τείχε’
1473 2393 1817 2483 ἐπόρθουν
1861 2395 1933 2460 Π.
1965 2394 2057 2461 IV
2081 2395 2209 2461 308
2253 2415 2288 2460 e
2334 2396 2511 2463 codd.

272 2500 621 2581 repositum
687 2499 789 2563 est
846 2492 1205 2583 ἐπόρθεον.
1316 2499 1710 2564 Posteriores
1773 2503 2046 2580 utraque
2107 2501 2373 2565 utuntur
2416 2500 2510 2564 di-

272 2600 615 2683 phthongO,
648 2602 762 2666 sed
783 2602 1068 2667 tenuiore
1091 2601 1327 2666 rarius:
1375 2596 1846 2687 ἀντιτοροῦντα
1869 2600 1949 2664 Η.
1973 2600 2051 2665 Η.
2075 2602 2140 2665 111
2155 2600 2350 2666 Merc:
2364 2601 2508 2682 283,

274 2704 443 2785 quo‘d
487 2704 890 2769 Hermannus
934 2707 1153 2769 contra
1181 2706 1430 2773 ,codices
1453 2704 1738 2784 mutavit,
1787 2697 2083 2786 ὁμάδουν
2105 2703 2389 2785 Apollon.
2413 2704 2512 2768 III

281 2804 444 2871 1304
511 2811 578 2871 et
628 2824 673 2878 a
711 2805 1035 2888 barytonis
1092 2804 1374 2892 ἀμείβου
1418 2807 1667 2889 Phocyl.
1711 2805 1903 2872 Nuth.
1951 2804 2050 2888 44,
2119 2806 2320 2888 σέβου
2364 2807 2509 2888 217,

276 2908 542 2996 ἐφέπου
589 2907 900 2990 Theognis
947 2907 1072 2972 217
1119 2915 1235 2975 etc.

322 3007 339 3013 ”
446 3010 523 3074 D.
608 3012 692 3082 ἶ.)
736 3012 800 3075 111
836 3015 888 3095 ἦ·
917 3016 1230 3078 mutatum
1273 3011 1502 3095 probat
1543 3010 1854 3094 particula
1885 3011 2091 3077 πλέον
2125 3009 2319 3099 πλήν,
2342 3013 2509 3078 unde

278 3110 671 3200 πλημμελής
693 3115 1122 3196 compositum,
1153 3134 1350 3197 quare
1371 3114 1758 3180 lamblichus
1777 3115 1843 3177 in
1863 3113 2218 3179 Nicomach.
2242 3115 2508 3180 Arithm.

274 3235 332 3298 p.
377 3215 463 3281 43
508 3221 810 3299 tanquam
855 3236 1196 3301 synonyma
1239 3219 1437 3283 iuncit
1485 3213 1871 3304 πλημμελής
1916 3241 2015 3294 τις
2059 3210 2147 3280 ὢν
2179 3217 2282 3281 καὶ
2309 3220 2510 3283 πλεο-

273 3314 477 3405 μελὴς
581 3319 834 3384 Etenim
878 3322 1044 3401 quod
1086 3321 1228 3403 plus
1274 3325 1375 3386 est
1417 3323 1820 3401 superatque,
1847 3319 2034 3383 ,idem
2079 3323 2177 3382 est
2222 3317 2348 3397 ἔξω
2391 3322 2511 3386 τοῦ

275 3422 521 3502 μέλους
565 3423 696 3487 Sive
743 3422 859 3506 ἐκμ
870 3420 1038 3510 ελής,
1085 3435 1269 3486 eoetra
1310 3421 1757 3485 modulationis
1800 3442 2103 3501 normam,
2148 3425 2222 3486 ut
2242 3422 2322 3486 H.
2369 3421 2507 3487 Ste-

274 3524 522 3605 phanus
585 3525 1042 3605 interpretatur
1108 3525 1272 3609 [Vol.
1317 3526 1350 3589 I
1393 3525 1520 3591 223
1567 3526 1686 3610 sq.]
1720 3525 1813 3607 ιι).
1899 3520 2259 3609 Νήπλυτος
2297 3525 2367 3590 id
2399 3531 2511 3591 est

275 3623 631 3705 νεόπλυτος
661 3627 972 3708 Bergkius
997 3628 1377 3695 Anacreonti
1418 3628 1643 3694 tribuit
1686 3628 1937 3710 Fragm.
1960 3627 2083 3692 XX
2127 3630 2509 3693 correctione

274 3728 604 3809 probabili.

414 3915 504 3983 lo)
542 3919 622 3972 cf.
660 3919 945 3988 Goettling.
983 3920 1198 3972 Accent.
1235 3916 1319 3976 68.
1389 3920 1592 3974 Eadem
1639 3923 1987 3991 synemptosis
2024 3921 2271 3987 produxit
2307 3918 2508 3976 κάνεον

276 4003 506 4067 κανοῦν,
558 4006 701 4071 quod
749 4008 940 4058 natura
973 4006 1295 4059 adiectivum
1328 4007 1537 4059 videtur
1570 4024 1606 4058 a
1637 4001 1814 4071 κάννη
1858 4009 1972 4060 sive
2003 4003 2183 4062 κάννα
2218 4009 2508 4061 derivatum

258 4094 332 4140 ‘ut
363 4088 495 4160 epta
528 4088 731 4160 ἐρεοῦς.

415 4174 503 4240 11)
537 4177 642 4228 Diu
695 4177 899 4229 credita
947 4183 1258 4245 aspernatus
1306 4178 1638 4244 Hartungius
1690 4178 1917 4234 Partica.
1949 4180 2005 4230 11
2057 4178 2127 4232 30
2178 4174 2319 4245 πλήν
2371 4178 2510 4228 idem

278 4259 419 4327 quod
454 4262 626 4321 πέλας
658 4279 777 4315 esse
803 4268 1091 4316 asseverat.
