2946 4928
314 264 344 395 ’ἓ
396 294 526 395 296
1156 290 1715 361 mssERTArlo
1748 291 1923 359 vm.

381 460 756 543 cipiendum
800 463 901 525 est
943 462 1203 540 propter
1223 457 1437 523 Attica
1467 451 1761 523 minnota
1806 460 1874 521 et
1917 451 2206 538 πώμαλα
2225 453 2291 535 .¹),
2338 469 2503 535 quae
2547 426 2654 524 est

395 583 516 630 vox
558 561 1013 644 interrogativa
1054 560 1241 641 vulgo
1290 561 1641 642 negationis
1684 559 1889 625 instar
1933 558 2221 623 obtinens
2285 560 2360 620 ut
2405 549 2495 620 πό
2506 559 2644 623 θεν.

399 686 456 732 v,
504 662 819 731 Schaefer.
866 662 948 727 ad
977 661 1173 727 0Dem.
1217 661 1385 728 FaIs,
1429 663 1582 745 Leg.
1629 661 1773 727 357.
1826 661 1896 739 2,
1965 659 2323 740 eademque.
2375 658 2439 722 vi
2480 657 2650 737 posi-

287 767 292 772 ’
401 773 539 833 tum
584 770 694 832 πῶ
740 770 851 832 πῶ
894 766 960 830 in
1004 765 1278 847 quodam
1300 764 1594 847 Aeschyli
1633 764 1877 830 cantico
1923 762 2035 842 Ag.
2066 759 2247 840 1475,
2294 760 2465 842 quod
2487 759 2650 825 Her-

401 887 671 935 mannus
699 932 709 939 ,
717 891 846 953 qua
889 868 1145 939 ratione,
1179 863 1666 949 interpretatur,
1714 870 1781 930 et
1823 864 1977 931 mihi
2042 882 2292 945 quoque
2359 881 2438 927 ex
2505 866 2653 940 πῶς

399 980 609 1040 ortum
650 974 924 1048 videtur,
970 970 1138 1053 quod
1180 969 1393 1050 ipsum
1436 967 1801 1040 Dindorfius
1832 967 2195 1032 Dorismum
2238 964 2489 1048 fugiens
2532 964 2655 1030 hoc
2765 963 2774 972 '

394 1078 533 1142 loco
574 1073 1007 1156 reponendum
1046 1070 1337 1152 putabat.
1372 1106 1444 1116 --
1476 1069 1612 1132 Ista
1656 1071 1886 1136 ectasis
1912 1070 2119 1151 opinio
2143 1068 2435 1134 obhaesit
2456 1069 2655 1134 etiam

396 1177 733 1248 Eustathio
763 1172 943 1242 1888.
967 1172 1050 1237 43
1094 1172 1252 1236 haec
1291 1170 1619 1236 scribenti:
1667 1164 1708 1235 ἆ
1729 1171 1925 1238 κέων
1971 1168 2351 1254 (δαίνυσθε)
2399 1169 2653 1257 γίνεται

398 1279 471 1348 ἐκ
513 1282 633 1344 τοῦ
680 1271 1005 1352 ἇκεόντως
1029 1268 1390 1358 ἀποκοπὴν
1436 1273 1687 1352 παθὸν,
1734 1265 1877 1340 εἶτα
1904 1273 2161 1338 ἔκτασιν
2188 1277 2304 1338 τοῦ
2346 1276 2393 1343 ἶ)
2438 1269 2532 1351 εἰς
2573 1275 2654 1353 ὦ,

315 1448 321 1452 ,
402 1380 632 1463 quibus
679 1379 941 1444 meliora
986 1377 1213 1443 suadet
1233 1374 1622 1457 Apollonius,
1673 1370 1881 1442 ἀκέων
1928 1376 2126 1452 solum
2152 1381 2371 1459 typum
2415 1375 2656 1440 habere

402 1482 893 1566 participialem,
959 1467 1191 1545 natura
1233 1483 1450 1545 autem
1495 1477 1864 1543 adverbium
1907 1496 2049 1542 esse
2093 1497 2171 1542 ex
2216 1471 2379 1565 ἄκην
2424 1483 2654 1556 ortum,

397 1605 449 1652 v.
499 1584 743 1653 Pathol.
788 1582 1053 1647 Elemm.
1095 1580 1130 1645 I
1174 1580 1318 1646 415.
1368 1619 1439 1627 -
1494 1572 1892 1665 Προτέρω.
1934 1599 2018 1671 ex
2063 1580 2474 1665 προσωτέρω
2520 1578 2653 1644 fac-

397 1692 534 1753 tum
579 1687 795 1752 dicunt
838 1683 999 1750 κατὰ
1024 1681 1359 1770 συγκοπὴν
1405 1686 1521 1768 τῆς
1562 1685 1643 1754 ‹Tc-u
1690 1684 2016 1766 συλλαβῆς
2039 1682 2229 1750 schol.
2254 1682 2370 1747 Od.
2392 1681 2486 1746 IV
2509 1680 2657 1763 667,

397 1789 602 1871 Epim.
649 1787 792 1866 357.
881 1787 1200 1853 Promtius
1252 1786 1649 1866 accederem,
1719 1785 1774 1850 si
1845 1786 1926 1852 ad
1995 1803 2308 1867 syncopen
2373 1784 2655 1867 syllabae

399 1894 467 1962 5}
502 1889 1028 1973 praevertissent,
1065 1888 1189 1953 sed
1232 1888 1482 1953 obstitit
1523 1887 1826 1968 fortasse,
1887 1888 2054 1969 quod
2099 1887 2406 1952 similibus
2455 1887 2654 1952 ποτέ-

399 1980 598 2079 ρωσε,
647 1988 943 2076 ἑτέρωσε,
993 1987 1360 2076 ἑκατέρωσε
1405 1991 1581 2055 nulla
1602 1991 1994 2072 praecedunt
2035 1990 2336 2056 adverbia
2377 1991 2443 2054 in
2484 1992 2546 2061 ὦ.
2572 2026 2646 2036 ·—

405 2093 586 2171 Quod
626 2092 1004 2158 Eustathius
1048 2092 1114 2157 in
1168 2111 1443 2175 prooem.
1490 2092 1671 2157 Pind.
1722 2090 1799 2156 13
1843 2090 2064 2157 refert:
2133 2091 2208 2156 τὸ
2258 2091 2352 2157 ἐπ
2370 2092 2466 2176 εἰ,
2514 2088 2660 2158 ἀντὶ

400 2198 518 2262 τοῦ
565 2194 799 2265 ἔπειτα
846 2189 885 2279 ἦ
934 2192 1254 2280 ἇποκοπὴ
1310 2195 1469 2282 παρ’
1519 2191 1698 2282 αὐτῷ
1765 2193 2094 2278 (Pindaro)
2159 2195 2382 2285 καινὸν
2449 2201 2659 2274 ποιεῖ,

403 2299 647 2365 curiose
673 2302 1077 2380 -quaerentes
1123 2295 1358 2380 effugit,
1402 2314 1522 2362 nec
1564 2297 1778 2361 valent
1822 2296 2109 2378 exempla
2148 2297 2227 2362 ab
2276 2298 2658 2380 Hoogeveno

401 2419 683 2481 excussa,
728 2420 785 2466 v.
831 2399 1176 2467 Hermann.
1222 2401 1307 2467 ad
1346 2400 1487 2482 Vig.
1538 2397 1688 2479 784,
1736 2417 1933 2481 quare
1979 2399 2406 2490 ampliandum
2451 2407 2567 2468 est.

573 2505 709 2569 Iam
754 2490 837 2569 ad
884 2504 1072 2569 aliam
1118 2504 1419 2569 orationis
1464 2508 1712 2583 partem
1737 2504 2124 2583 progrediar,
2170 2504 2249 2569 de
2294 2523 2422 2586 qua
2464 2523 2658 2586 gene-

399 2592 588 2672 ratim
633 2606 944 2689 praecipit
983 2605 1361 2672 Plutarchus
1408 2603 1665 2681 Quaest.
1688 2604 1850 2669 Plat.
1898 2605 1958 2669 X
2003 2624 2053 2670 c.
2081 2605 2206 2670 VII
2228 2604 2355 2671 284
2402 2606 2470 2670 Τ.
2496 2605 2659 2671 XIII

396 2709 578 2775 Hutt.
605 2706 674 2776 αἶ
719 2733 876 2793 προ
895 2706 1171 2785 θέσεις
1216 2704 1647 2789 κόμμασι,καὶ
1671 2703 2102 2791 θραύσμασιν
2135 2701 2493 2789 ὀνομάτων
2517 2704 2659 2774 ἐοί-

396 2830 568 2879 κασι·
615 2811 690 2877 τὸ
736 2810 859 2897 γὰρ
906 2808 1341 2897 ἐμβῆναικαὶ
1389 2809 1660 2895 ἐκβῆναι
1727 2809 2022 2896 συγκοπὴ
2094 2806 2450 2897 προφανής
2514 2807 2658 2900 ἐστι

537 3115 592 3182 1)
627 3118 709 3168 Ex
744 3117 867 3172 EM.
905 3134 947 3170 s,
983 3118 1032 3168 11.
1071 3134 1123 3168 v,
1171 3118 1328 3170 τοῦτο
1382 3115 1410 3169 ὃ
1443 3116 1808 3179 Ἀπολλώνιος
1866 3116 2075 3182 ὄξύνει,
2133 3116 2160 3171 ὃ
2219 3118 2280 3172 δὲ
2312 3115 2658 3186 Ἡρωδιανὸς

402 3203 649 3274 περισπᾷ
686 3203 868 3283 colligi
899 3203 1042 3269 licet,
1093 3204 1243 3255 illum
1281 3199 1524 3271 πώμαλα
1561 3208 1839 3272 scripsisse
1889 3206 2130 3271 hyphen,
2155 3273 2158 3277 Δ
2181 3207 2322 3259 hunc
2358 3204 2446 3255 πῶ
2481 3199 2653 3274 μάλα.

400 3323 618 3377 Admota
655 3318 932 3392 ,,πώμαλα
971 3318 1063 3389 ὑφ’
1103 3312 1375 3377 ἕνΑηοοᾱ.
1404 3321 1543 3391 [193.
1579 3327 1636 3391 4;
1674 3323 1798 3379 ἀντὶ
1834 3326 1929 3377 τοῦ
1967 3321 2160 3378 πόθεν·
2199 3320 2335 3377 ὅθεν
2371 3323 2520 3377 ἐστὶν
2559 3320 2649 3376 οὐ·

401 3407 611 3476 δαμῶς]
649 3406 766 3463 ’289-
807 3407 859 3463 3.
928 3402 1029 3458 Ha}
1068 3425 1201 3461 ποτε
1236 3411 1425 3462 Lehrs.
1462 3412 1677 3475 Quaest.
1717 3409 1838 3466 129.
1908 3407 2101 3464 Πόθεν
2136 3411 2224 3462 πῶ
2251 3412 2372 3462 ΕΜ.
2411 3408 2530 3462 365.
2571 3409 2654 3462 17.

406 3492 556 3549 Οὖδέ
588 3498 644 3547 τί
675 3489 764 3545 πώ
797 3512 900 3562 μοι
935 3492 1168 3568 1171542
1197 3491 1290 3560 „⁴16
1327 3489 1417 3546 πώ
1454 3491 1702 3562 ὀξύνεται
1743 3493 1816 3555 ὥς
1852 3501 2003 3565 φημί
2034 3512 2138 3558 σοι,
2178 3500 2270 3548 σοί
2303 3514 2445 3564 φημι
2484 3502 2539 3548 et
2573 3512 2654 3547 ce-

398 3586 514 3632 tera
548 3579 809 3643 enclitica,
844 3595 1007 3645 quare
1042 3581 1198 3631 etiam
1229 3574 1454 3632 πώποτε
1488 3585 1548 3631 ut
1581 3575 1838 3646 πώμαλα,
1875 3599 1983 3634 non
2017 3587 2159 3634 recte
2193 3579 2458 3633 πῶποτε“
2498 3582 2649 3632 Eust.
2708 3597 2719 3606 ’

405 3664 524 3718 147.
562 3663 647 3740 20.
726 3656 899 3716 Οὔπω
936 3658 1206 3734 περισσὸν
1241 3659 1301 3715 τὸ
1340 3666 1428 3716 παῖ
1476 3667 1640 3721 schol.
1677 3668 1740 3721 11.
1775 3677 1824 3734 ψ
1859 3665 1978 3730 463,
2034 3664 2114 3733 [ω]
2155 3665 2276 3719 411.
2347 3659 2504 3718 οὔπω
2558 3682 2655 3733 pro

403 3748 622 3826 ozi-Iac.
658 3750 905 3805 Philostr.
941 3748 1061 3803 357.
1131 3747 1283 3817 μηδέ
1312 3753 1368 3800 τί
1398 3768 1487 3802 πω
1526 3743 1805 3805 δειδίσσεο
1843 3754 1903 3806 11.
1923 3754 2000 3805 IV
2017 3751 2119 3824 384
2156 3757 2211 3803 et
2242 3748 2345 3803 2321
2384 3747 2571 3817 [μήπω
2603 3770 2655 3802 τι.

400 3834 660 3904 usmete}
721 3828 892 3889 Οὔπω
929 3836 1094 3888 semel
1127 3851 1223 3902 pro
1263 3825 1447 3895 οὔπως
1470 3838 1556 3889 ΠΙ
1577 3834 1698 3903 306,
1734 3841 1791 3890 in
1827 3840 2013 3890 ceteris
2046 3839 2223 3889 locum
2259 3853 2412 3889 suum
2446 3839 2677 3904 retinet,—

405 3922 533 3974 XIV
572 3920 815 3986 lasabi
850 3922 1018 3976 schol.
1056 3921 1195 3972 male
1225 3922 1487 3990 παρέλκει
1523 3918 1583 3975 τὸ
1620 3925 1710 3975 πώ·
1750 3922 1884 3990 [item
1917 3931 1976 3974 ut
2009 3922 2233 3974 XXIII
2257 3919 2378 3985 463,
2414 3939 2515 3990 quo
2551 3924 2653 3976 loeo

406 3999 550 4072 οὔπη
585 4006 841 4070 acrae‘bt’tur,
876 4014 923 4058 et
956 4005 1164 4062 XXIV
1189 3998 1486 4060 411,οἷι’πω
1523 4003 1684 4078 τόνγε
1718 4005 1878 4069 ’κύνες
1913 4006 2120 4079 φάγον,
2173 4004 2283 4059 ἄλλ’
2326 4005 2404 4060 ἔτι
2455 4013 2651 4062 vestrm:

404 4108 470 4145 ne
505 4092 619 4159 quis
651 4091 716 4145 de
748 4092 829 4145 hie
865 4081 1169 4145 Lobeckiwm
1203 4091 1502 4146 scholiastae
1535 4112 1796 4149 assensum
1830 4095 2123 4148 arbitretur.
2173 4112 2220 4146 v.
2254 4093 2447 4146 Buttm.
2481 4097 2513 4158 ς
2549 4091 2650 4148 116

408 4178 533 4230 adn.
568 4175 674 4243 23]
710 4179 1030 4231 Doederlein
1046 4179 1229 4231 Beden
1264 4180 1371 4231 und
1390 4179 1643 4232 Aufsiitze
1678 4183 1742 4236 T.
1781 4182 1833 4233 11
1869 4171 2025 4236 268‘2.
2095 4180 2235 4233 Alibi
2261 4180 2459 4236 adnot:
2498 4178 2648 4253 ‚Jup-

407 4257 548 4335 πρός
579 4264 732 4318 Paul.
767 4264 902 4334 Aeg.
942 4270 1042 4320 etc.
1078 4264 1275 4320 Thes.“
1316 4264 1418 4336 [111
1449 4263 1555 4319 916
1586 4264 1674 4338 D.]
