2946 4928
640 340 755 407 DE
799 339 1592 409 PROSOHEMATISMO.
1665 342 1734 408 P.
1757 342 1807 409 I.
1857 340 2030 409 O.11.
2079 344 2134 428 ἓ.
2157 341 2216 409 8.
2418 341 2539 410 187

291 507 429 586 Quo
475 511 693 573 autem
738 506 972 573 arctior
1014 511 1115 572 est
1158 506 1511 573 coniunctio
1552 508 1849 590 partium,
1896 526 1975 574 ex
2015 506 2248 590 quibus
2292 509 2540 574 enunti-

289 617 470 677 atum
516 615 792 691 constat,
856 610 977 675 hoc
1018 610 1250 675 iustius
1318 616 1465 677 ante
1513 629 1850 678 consonam
1914 612 2104 678 litera
2164 612 2544 694 paragogica
2640 675 2645 682 .

290 715 608 781 omittitur
650 719 724 781 ut
765 715 832 780 in
875 711 1000 779 fine
1027 713 1476 779 enuntiationis
1500 714 1822 796 relativae,
1870 715 1985 781 sed
2006 716 2324 798 reperitur
2344 716 2541 781 inter-

292 819 472 884 dum:
520 814 557 883 ὃ
605 814 802 903 λόγος
846 821 986 895 τοῖς
1031 817 1468 903 πειρωμένοις
1515 819 1823 895 κατιδεῖν,
1873 810 1911 882 ὃ
1955 818 2112 897 τοὺς
2157 811 2402 895 ἄλλους
2433 817 2542 886 λέ·

296 923 524 1009 ληθεν,
567 918 865 1002 χαλεπὸς
910 922 1209 1007 φαίνεται
1255 920 1445 985 Isocr.
1491 920 1755 986 Panath.
1803 919 1947 986 320.
1992 918 2137 986 246.
2226 920 2393 986 Ante
2433 940 2540 986 vo-

298 1024 498 1091 calem
541 1023 763 1090 abesse
805 1041 932 1088 non
974 1027 1215 1104 potest,
1285 1023 1340 1088 si
1406 1024 1697 1105 sequitur
1760 1023 2114 1089 coniunctio
2156 1023 2540 1105 temporalis,

298 1128 411 1194 sed
457 1126 688 1192 excidit
728 1126 1072 1209 inDionyS.
1118 1126 1290 1191 Antt.
1337 1126 1403 1191 Π
1446 1127 1548 1192 57.
1595 1126 1724 1192 334
1768 1125 1958 1205 ἔδοξε
2003 1130 2146 1204 τοῖς
2171 1128 2540 1211 βασιλεῦσι,

296 1227 532 1318 ἐπειδὴ
563 1266 635 1277 —-
665 1224 946 1318 εἰλήφει,
994 1225 1347 1296 διπλάσιον
1394 1233 1674 1317 ποιῆσαι
1719 1228 1796 1296 τὸ
1845 1249 1918 1277 -’-
1951 1277 1967 1294 .
2042 1228 2111 1294 Si
2152 1248 2302 1296 vero
2347 1249 2541 1296 enun-

296 1333 482 1399 tiatio
525 1351 652 1398 non
695 1334 999 1399 inseritur
1041 1332 1251 1399 medio
1295 1335 1571 1399 sermoni
1584 1383 1599 1413 ,
1668 1334 1782 1398 sed
1827 1332 2184 1398 subtexitur
2225 1331 2404 1399 finito
2448 1334 2543 1398 in-

292 1436 766 1502 tercedentibus
811 1437 1350 1503 coniunctionibus
1419 1437 1838 1502 adversativis
1904 1437 2005 1501 vel
2069 1436 2541 1517 ratiocinativiS,

288 1541 448 1606 haec
490 1541 693 1605 laxior
736 1540 1139 1607 cohaerentia
1183 1538 1548 1605 declaratur
1591 1536 2093 1620 interpunctione
2153 1540 2364 1605 media
2428 1541 2541 1606 ad-

287 1644 503 1709 iuncto
528 1642 849 1709 ordinario
869 1643 979 1709 illo
995 1643 1208 1709 hiatus
1234 1643 1662 1725 explemento:
1710 1640 2117 1726 ἕστράτευεν·
2144 1639 2213 1708 ἐν
2232 1642 2306 1709 δὲ
2328 1640 2543 1729 τούτῳ

288 1748 449 1813 Xen.
469 1746 637 1813 Hell.
681 1746 773 1812 IV
814 1748 872 1811 2.
896 1745 957 1827 8,
984 1750 1365 1832 φρονοῦσιν·
1392 1742 1456 1811 οἱ
1490 1745 1562 1812 δὲ
1589 1781 1662 1794 -
1690 1745 1750 1810 V
1779 1744 1830 1810 1.
1863 1743 1948 1810 30
1969 1749 2106 1825 etc,
2138 1745 2370 1811 omisso
2392 1763 2542 1812 vero

295 1856 442 1919 ante
489 1869 862 1930 consonam,
924 1850 1025 1915 cui
1069 1851 1164 1915 rei
1209 1850 1740 1916 demonstrandae
1783 1849 1884 1914 vel
1932 1868 2057 1914 una
2098 1847 2541 1915 Demostheni-

292 1973 509 2021 carum
557 1955 914 2021 orationum
937 1952 1187 2034 sufficit,
1233 1971 1398 2035 quae
1441 1956 1543 2019 est
1565 1956 1785 2019 contra
1808 1951 2141 2034 Aphobum
2161 1952 2394 2035 prima:
2442 1955 2542 2019 δι-

295 2053 606 2145 οικήσειε·
654 2060 1067 2145 Δημοφῶντι
1111 2055 1258 2122 814.
1303 2058 1345 2123 2
1389 2055 1563 2141 (105.
1609 2055 1698 2141 5),
1748 2051 2222 2143 ἆποστέρουσι·
2266 2053 2545 2135 τούτους

295 2160 421 2247 γὰρ
466 2157 612 2225 821.
659 2160 701 2225 2
747 2159 920 2243 (110.
965 2158 1096 2243 24),
1144 2154 1552 2245 ὡμολόγηκε·
1598 2156 1820 2238 καίτοι
1864 2158 2012 2225 822.
2064 2159 2138 2225 11
2189 2157 2363 2242 (111.
2408 2158 2540 2241 27),

294 2260 459 2330 ἐστι’·
508 2267 735 2344 λαβεῖν
779 2262 905 2351 γὰρ
954 2299 1027 2311 —-
1077 2260 1224 2328 824.
1275 2260 1354 2328 13
1400 2261 1574 2345 (173.
1621 2261 1752 2345 35),
1802 2257 2267 2348 ἀναφαίνουσι·
2332 2265 2543 2328 ταῦτα

294 2366 369 2434 δέ
414 2363 562 2432 826.
611 2362 909 2448 14.(113.
954 2364 1086 2449 35),
1132 2360 1578 2454 ἅνηρπάκασι·
1634 2363 1747 2431 καὶ
1795 2401 1869 2413 -
1918 2364 2062 2432 835.
2108 2365 2147 2431 5
2194 2363 2365 2449 (121.
2412 2362 2542 2448 64),

291 2467 721 2539 ἐπιδείκνυσι·
769 2469 986 2536 πολλὰ
1018 2466 1239 2537 τοίνυν
1272 2467 1417 2536 830.
1463 2470 1505 2534 2
1551 2467 1725 2554 (118.
1775 2469 1945 2553 152),
1990 2464 2288 2557 ἐποίησε·
2334 2471 2542 2534 ταῦτα

299 2575 373 2641 δέ
410 2571 558 2639 830.
604 2574 642 2639 7
688 2572 862 2656 (118.
913 2572 1081 2655 153),
1127 2570 1400 2661 ἔφραζε·
1449 2568 1673 2639 πάντα
1701 2568 1826 2658 γάρ
1870 2570 2016 2638 830.
2062 2573 2148 2638 24
2191 2571 2365 2658 (118.
2410 2570 2540 2655 55).

289 2677 411 2743 His
456 2676 748 2743 omnibus
796 2676 1129 2743 Bekkerus
1173 2695 1258 2759 ny
1279 2677 1678 2758 interposuit,
1726 2676 2119 2757 eundemque
2159 2694 2402 2741 morem
2446 2680 2542 2741 te-

297 2781 438 2846 nuit
478 2781 546 2845 in
587 2778 1039 2847 Aristotelicis:
1106 2774 1306 2845 ἐστίν·
1340 2778 1442 2844 ’τὰ
1491 2779 1566 2846 δὲ
1611 2774 1796 2857 ἐντός
1837 2779 1918 2844 Η.
1965 2779 2234 2845 Animm.
2278 2778 2312 2844 I
2360 2778 2437 2844 15
2481 2797 2541 2860 p.

289 2881 419 2950 494
458 2882 521 2948 b.
585 2881 688 2964 21,
734 2879 890 2951 ὅλον
958 2880 1025 2949 τί
1090 2878 1280 2949 ἔστιν·
1347 2880 1571 2948 πολλὰ
1616 2880 1739 2968 γὰρ
1808 2878 2290 2967 περιλαμβάνει
2356 2881 2542 2965 Phys.

290 2985 480 3052 Auso.
525 2985 559 3050 I
607 2987 637 3050 1
687 3004 746 3068 p.
797 2984 918 3050 184
966 3004 1025 3051 a.
1074 2984 1178 3065 25,
1222 2987 1366 3062 τοῖς
1411 2978 1785 3070 ἅκρατέσιν·
1829 2988 1968 3062 τοῖς
2013 2985 2088 3052 δὲ
2114 3021 2186 3034 —-
2214 2984 2361 3051 Eth.
2405 2984 2541 3052 NiC.

288 3088 326 3153 Ι
368 3089 410 3154 2
462 3085 623 3154 1095
668 3107 724 3155 a.
773 3086 840 3168 9,
909 3091 977 3154 et
1020 3089 1112 3155 sic
1154 3089 1220 3153 in
1266 3088 1530 3170 singulis
1573 3086 1708 3154 fere
1750 3086 1999 3170 paginis
2044 3087 2294 3156 adiecta
2335 3089 2541 3170 litera,

292 3210 456 3275 quae
497 3191 711 3258 nescio
758 3209 841 3256 an
883 3192 951 3255 in
972 3191 1265 3258 omnibus
1306 3190 1709 3274 editionibuS,
1752 3195 1926 3256 certe
1968 3190 2036 3255 in
2060 3188 2544 3260 Gasauboniana

299 3295 494 3362 deest.
581 3295 747 3361 Item
789 3294 856 3359 in
885 3294 1128 3378 Polybii
1150 3295 1348 3374 libris,
1397 3293 1531 3359 sive
1553 3295 1755 3361 maior
1793 3293 2080 3375 sequitur
2099 3295 2540 3377 interpunctio,

295 3398 430 3464 Sive
469 3397 838 3478 minuscula,
884 3403 960 3463 ut
999 3397 1059 3464 V
1100 3397 1204 3479 82,
1250 3397 1291 3464 9
1337 3393 1582 3464 τούτων
1612 3394 1900 3464 κατόπιν
1925 3396 2291 3479 δισχιλίους
2310 3397 2432 3480 μὲν
2466 3436 2536 3445 -

292 3498 679 3585 ἐπέστησεν,
728 3500 1086 3582 διςχιλίους
1130 3501 1205 3568 δὲ
1253 3538 1326 3549 —-
1369 3500 1829 3588 παρενέβαλεν·
1876 3500 2064 3586 παρὰ
2111 3501 2186 3570 δὲ
2230 3501 2386 3580 τοὺς
2428 3497 2539 3568 ἶπ-

293 3607 438 3683 πεῖς
481 3601 638 3681 τοὺς
685 3605 952 3690 Κρῆτας
998 3601 1286 3691 ἔστησεν·
1353 3600 1633 3683 τούτους
1677 3603 1753 3672 δὲ
1802 3640 1874 3651 -·
1927 3621 2089 3686 quae
2155 3605 2282 3670 tria
2345 3604 2542 3670 verba
2638 3672 2641 3673 ι

297 3705 937 3786 Schweighaeuserus
960 3707 1097 3773 sine
1118 3708 1455 3790 Vscripsit.
1501 3707 1590 3772 Et
1608 3707 1676 3772 in
1696 3706 1918 3774 Dionis
1944 3706 2119 3774 Cass
2140 3708 2213 3774 L.
2238 3707 2547 3773 XXXVII

296 3808 398 3875 34.
451 3810 482 3874 1
534 3809 916 3896 παρέμενεν·
964 3807 1646 3895 παρασκευαζομένου
1669 3810 1796 3898 γὰρ
1824 3845 1935 3893 -·-,
1979 3811 2052 3878 L.
2078 3810 2421 3878 XXXVIII
2443 3809 2545 3877 48.

295 3912 336 3978 3
377 3908 625 3996 χωρίον
667 3935 733 3976 τι
777 3912 1177 3997 προσλαβεῖν
1221 3910 1667 4002 ἐπεχείρησεν·
1720 3913 1834 3981 καὶ
1879 3915 2150 3998 κατέσχε
2193 3915 2313 3999 μὲν
2358 3911 2540 3980 αὐτό.

293 4015 371 4080 In
413 4015 516 4081 his
559 4015 713 4081 locis
760 4015 1030 4097 aliisque
1075 4015 1359 4082 eiusdem
1379 4086 1382 4091 ⁴
1401 4018 1653 4099 generis
1695 4017 1915 4084 multis
1959 4017 2234 4085 editores
2299 4019 2544 4100 priores

294 4137 411 4201 pro
455 4136 757 4199 consona,
824 4136 1015 4201 quam
1057 4118 1165 4184 ille
1207 4120 1612 4202 interposuit,
1682 4122 1818 4187 sola
1862 4122 2088 4204 stigme
2132 4126 2397 4188 utuntur
2439 4121 2543 4186 vel

295 4221 595 4304 perfecta,
642 4240 807 4304 quae
851 4222 1097 4303 dicitur,
1163 4223 1263 4288 vel
1308 4222 1522 4289 media
1563 4223 1666 4289 vel
1705 4223 1998 4288 maxima.
2086 4222 2182 4289 De
2226 4222 2546 4288 codicibus

297 4326 470 4392 nulla
511 4323 588 4392 fit
626 4329 897 4404 menti03
964 4343 1111 4391 nam
1156 4326 1327 4409 quod
1370 4325 1586 4407 Poppo
1651 4326 1732 4392 de
1778 4324 2194 4410 Thucydideis
2262 4324 2416 4389 dicit
2478 4323 2546 4390 in
