2946 4928
485 343 613 409 330
834 341 1257 410 EPILoGns
1302 344 1416 410 DE
1460 342 2211 411 mrsnptmcrlonn
2257 318 2440 410 'cu'M

481 506 647 585 Quid
689 508 791 573 hic
836 513 903 572 et
946 507 1179 589 ubique
1228 505 1716 588 praeferendum
1782 508 1894 588 sit,
1962 508 2252 590 quaestio
2318 511 2420 573 est
2485 525 2737 573 summe

483 609 771 676 difficilis.
883 609 1065 686 Quod
1116 610 1251 674 viro
1319 610 1681 675 doctissimo
1755 609 2020 695 placuit:
2103 603 2155 675 εἷ
2228 610 2437 696 μῆτέρ
2516 635 2604 692 με
2654 647 2728 657 —-

475 717 647 802 certe
713 711 1096 778 contrarium
1154 717 1255 776 est
1318 713 1571 778 scholae
1662 713 1915 778 decreto
1940 763 1956 793 ,
2034 712 2337 777 vocativis
2425 711 2725 777 absolute

399 880 440 897 s
483 816 706 897 positis
762 815 1031 896 stigmen
1099 815 1391 879 comitem
1457 815 1802 879 asserentis
1847 820 1914 881 et
1977 821 2245 881 naturae
2309 814 2472 895 ipsi,
2540 833 2735 895 quam

484 922 824 1000 sequentes
888 916 1074 981 hodie
1140 935 1390 999 quoque
1455 929 1672 982 casum
1738 918 2161 999 emphaticam
2226 916 2489 982 elatiore
2572 934 2731 998 quo-

484 1023 630 1087 dam
710 1039 862 1086 sono
941 1018 1276 1084 efferimus
1431 1019 1643 1096 Quare
1705 1019 1924 1085 dubito
1948 1070 1964 1100 ,
2032 1037 2114 1085 an
2189 1018 2441 1085 enclisis
2482 1019 2733 1099 -potius

480 1122 917 1204 posthabenda
939 1121 1041 1200 sit,
1063 1122 1429 1201 pronomine
1451 1125 1691 1186 erecto:
1735 1125 1964 1208 μῆτερ,
1991 1122 2078 1205 μέ
2107 1117 2444 1205 -’πᾶτερ,
2494 1119 2578 1200 τί,
2625 1138 2737 1185 ne-

486 1244 607 1307 que
654 1242 853 1303 secus,
900 1225 956 1288 si
999 1223 1411 1304 imperativus
1453 1223 1807 1317 praecedit:
1843 1229 2131 1297 ,παῖσαν
2172 1223 2258 1307 μὲ
2299 1223 2390 1309 μὴ
2441 1261 2515 1270 —-
2542 1273 2559 1302 ,
2618 1223 2736 1288 sed

480 1329 601 1393 hoc
665 1345 781 1408 per
845 1325 1236 1408 hyperbaton
1299 1343 1416 1409 pro
1481 1322 1571 1411 μή
1615 1351 1699 1407 με
1724 1376 1742 1408 ,
1822 1346 1947 1409 quo
1987 1327 2276 1393 enclitica
2319 1325 2597 1409 primum
2662 1326 2730 1391 in

486 1430 758 1518 dictione
801 1430 1009 1495 locum
1054 1429 1282 1509 accipit
1297 1428 1366 1511 ⁸).
1455 1427 1634 1493 Idem
1679 1446 1873 1510 supra
1917 1430 2046 1495 dixi
2088 1435 2236 1511 post
2301 1430 2427 1495 alia
2488 1448 2727 1510 paren·

481 1534 690 1598 thesis·
738 1550 972 1615 genera
1014 1529 1371 1596 faciendum
1421 1548 1592 1611 esse,
1659 1550 1739 1596 ne
1805 1549 1932 1612 qua
1996 1532 2262 1614 obrepat
2325 1531 2739 1613 ambiguitas.

485 1635 611 1701 Sed
653 1636 842 1700 huius
884 1640 1099 1699 tamen
1142 1634 1392 1699 diversa
1438 1638 1540 1698 est
1581 1653 1697 1715 pro
1741 1636 2045 1716 cuiusque
2091 1652 2283 1700 sensu
2323 1635 2734 1700 existimatio.

482 1737 559 1801 In
603 1735 792 1818 Soph.
836 1737 932 1801 El.
979 1735 1105 1801 648
1150 1737 1259 1801 καὶ
1303 1734 1430 1820 μή,
1496 1760 1581 1818 με
1627 1736 1919 1802 πλούτου
1964 1733 2036 1803 εἴ
2070 1761 2241 1814 τινες
2281 1734 2733 1818 βουλεύουσιν

484 1838 806 1921 ἐκβαλεῖν,
876 1838 1049 1927 ἐφῇς
1092 1839 1310 1904 Herm.
1357 1844 1423 1905 et
1464 1839 1652 1904 Dind.
1722 1840 2093 1905 incisionem
2153 1840 2549 1905 sustulerunt
2615 1840 2735 1905 mi—

479 1942 650 2006 nime
694 1943 1135 2022 necessariam,
1180 1960 1390 2024 neque
1432 1942 1779 2007 verendum
1823 1947 1940 2023 est,
1984 1961 2067 2008 ne
2112 1944 2255 2024 quis
2298 1942 2436 2025 Iph.
2483 1942 2554 2007 T.
2602 1941 2734 2007 646

484 2039 784 2129 Πυλάδη,
830 2045 1182 2140 πέπονθάς
1225 2039 1462 2119 ταύτὸ,
1511 2043 1681 2128 πρὸς
1731 2047 1938 2123 θεῶν,
1987 2043 2140 2128 ἐμοί
2182 2045 2294 2109 illa
2358 2046 2576 2110 demta
2644 2045 2739 2111 Sic

487 2147 759 2228 accipiat
800 2151 875 2212 l'lt
916 2166 973 2212 V.
1001 2144 1125 2211 692
1170 2142 1482 2232 πράσσων
1526 2137 1569 2211 ἃ
1618 2144 1900 2232 πράσσω
1949 2145 2120 2231 πρὸς
2166 2149 2363 2211 θεῶν.
2455 2146 2545 2212 Et
2587 2147 2737 2228 quis

482 2268 608 2314 non
680 2249 950 2314 libenter
1026 2249 1353 2314 renunciet
1427 2250 1627 2315 ternis
1707 2250 1952 2332 stigmis
2028 2249 2094 2313 in
2158 2247 2446 2314 Machon.
2532 2268 2729 2314 versu

482 2352 711 2417 Athen.
756 2351 1068 2417 XIII580
1114 2350 1163 2415 C
1208 2347 1269 2417 εἷ
1315 2352 1534 2437 φησὶν,
1582 2346 1790 2439 ᾔδειν,
1842 2347 1881 2438 ἡ
1918 2348 2285 2431 Γνάθαινα,
2350 2346 2527 2416 τοῦτ’
2576 2348 2731 2437 ἐγώ,

484 2454 648 2520 Plut.
704 2454 886 2521 Cons.
933 2454 1016 2519 ad
1060 2454 1263 2535 Apoll.
1310 2453 1471 2519 XIII
1521 2452 1643 2520 108
1685 2453 1741 2519 Α
1785 2452 2028 2540 μυρίας
2073 2452 2220 2541 γὰρ,
2267 2452 2495 2543 φησὶν,
2546 2450 2724 2537 ἡμῖν,

489 2554 801 2631 Πλάτων,
875 2552 1186 2639 ἀσχολίας
1230 2557 1507 2641 παρέχει
1575 2555 1652 2621 τὸ
1722 2559 1959 2639 σῶμαῗ
2077 2557 2382 2622 De'ah'is
2448 2558 2733 2624 dubitari

483 2666 710 2743 potest.
799 2660 1122 2741 Euripidis
1165 2659 1360 2724 verba
1396 2657 1622 2723 Bacch.
1672 2657 1800 2722 510
1845 2658 2029 2742 (491)
2078 2654 2252 2746 ἡμᾶς
2295 2660 2421 2746 γὰρ
2457 2655 2732 2738 ἀδικῶν,

484 2769 696 2830 κεῖνον
742 2759 835 2841 εἰς
880 2763 1164 2846 δεσμοὺς
1206 2755 1389 2845 ἄγεις
1431 2762 1487 2826 si
1535 2761 1879 2826 indiscrete
1926 2762 2259 2826 scribimus
2299 2767 2373 2826 ut
2426 2763 2551 2828 duo
2616 2782 2732 2829 no-

482 2867 725 2932 vissimi
769 2867 1043 2932 editores
1059 2916 1074 2946 ,
1121 2865 1381 2930 dubium
1424 2865 1577 2943 erit,
1638 2868 1854 2929 utrum
1895 2864 2297 2945 participium
2338 2882 2484 2929 cum
2528 2858 2731 2947 ἥμᾶς,

425 3040 434 3053 ,
485 2989 565 3033 an
588 2974 662 3033 ut
687 2968 998 3033 Sluiterus
1022 2985 1164 3031 cum
1189 2971 1400 3032 κεῖνον
1435 2966 1779 3031 consociari
1810 2966 2096 3031 velimus.
2140 2966 2229 3030 Et
2255 2967 2371 3032 illa
2394 2967 2728 3033 Machonis

485 3071 681 3135 verba
724 3067 1156 3134 Athen-XIII
1200 3067 1329 3132 582
1380 3068 1439 3131 D
1487 3065 1866 3151 ἀπόκριναι,
1917 3069 2136 3155 φησὶν,
2185 3062 2237 3132 ὦ
2285 3067 2559 3159 ποιητά,
2604 3095 2731 3152 μοι

486 3175 541 3238 si
586 3175 676 3239 sic
719 3172 1151 3254 disiungimus,
1220 3169 1577 3252 significant
1640 3172 1707 3236 id
1772 3154 1940 3252 quod
2002 3171 2319 3253 interpres
2385 3173 2729 3258 expressit:

483 3275 792 3361 responde
833 3273 1007 3356 mihi,
1053 3296 1089 3336 0
1120 3285 1351 3359 poetam
1397 3274 1513 3352 sin,
1558 3278 1634 3337 ut
1673 3272 1889 3354 vuigo:
1933 3274 2261 3360 responde,
2307 3297 2345 3338 o
2372 3286 2574 3360 poeta
2615 3275 2741 3355 mi,

486 3398 608 3462 quo
651 3379 976 3444 intellectu
1019 3377 1170 3443 alibi
1212 3377 1445 3459 legitur
1489 3375 1802 3456 genitivus
1825 3378 2241 3458 pronominis:
2287 3370 2341 3443 ὦ
2387 3378 2552 3445 καλέ
2590 3402 2728 3461 μου

547 3660 552 3661 ’
622 3654 680 3719 8)
717 3657 846 3707 Cum
883 3656 984 3707 hoc
1021 3655 1244 3720 simplici
1281 3660 1333 3706 et
1368 3656 1586 3721 pertrito
1621 3652 2056 3718 transgressionis
2092 3667 2309 3718 genere,
2364 3668 2470 3718 quo
2524 3670 2724 3720 prono·

485 3760 604 3794 men
637 3742 1029 3808 hypotacticum
1067 3743 1431 3806 anteponitur,
1480 3739 1736 3790 Matthiae
1770 3743 1823 3789 et
1855 3738 2202 3789 Buttmannus
2237 3740 2268 3800 ξ
2307 3739 2373 3791 14
2405 3740 2529 3792 adn.
2571 3740 2602 3790 7
2637 3756 2728 3806 pa-

488 3844 601 3878 rum
640 3831 879 3894 apposite
914 3827 1190 3879 conferunt
1222 3826 1502 3892 hyperbati
1537 3826 1771 3890 speciem
1805 3825 1880 3874 ita
1915 3825 2242 3890 perplexam,
2296 3830 2355 3877 ut
2417 3826 2565 3877 nullo
2601 3826 2727 3877 loeo

482 3916 789 3980 intel-pungi
821 3918 1012 3980 possit:
1057 3909 1153 3977 τὴν
1189 3909 1294 3975 σὴν»
1328 3907 1473 3963 ὅπου
1509 3924 1598 3962 σοι
1615 3906 1798 3976 μητέρ’
1838 3907 1954 3961 ἐστὶ
1976 3913 2223 3961 νουθέτει
2244 3910 2356 3963 Ion.
2397 3908 2550 3964 1321.
2617 3913 2730 3962 Nec

485 3999 756 4050 commode
791 3999 1106 4064 dispescitur
1148 3999 1378 4049 Demetr.
1415 3999 1483 4048 de
1518 3997 1670 4048 Eloc.
1704 3994 1822 4046 LXI
1856 3993 1925 4048 :30
1960 3991 2184 4064 Νιρεὺς,
2220 3990 2330 4066 γὰρ
2366 3998 2524 4064 φησὶ,
2580 4001 2725 4067 τρεῖς

485 4086 617 4151 νῆας
655 4076 793 4149 ἄγει,
831 4100 953 4134 nam
988 4079 1094 4149 γάρ
1132 4099 1250 4134 cum
1288 4086 1431 4150 φησι
1460 4083 1723 4145 cohaeret,
1757 4082 1860 4132 hoc
1888 4087 2062 4133 autem
2097 4082 2166 4132 ad
2185 4082 2512 4134 antecedens
2539 4078 2719 4149 ’Ὁμη-

485 4191 581 4245 ρος
608 4172 846 4223 refertur.
917 4172 989 4221 Et
1021 4171 1157 4222 Plat.
1195 4170 1418 4219 Phaedr.
1454 4165 1561 4220 258
1597 4169 1641 4219 A
1682 4167 1841 4227 ἔδοξέ
1870 4184 1997 4231 που,
2035 4169 2195 4234 φησὶ,
2234 4167 2296 4238 τῇ
2332 4168 2530 4239 βουλῇ,
2585 4169 2730 4234 quod

484 4275 581 4326 pro
620 4257 792 4319 ἔδοξε,
831 4260 973 4322 φησί
1006 4272 1113 4306 που
1151 4256 1344 4305 dictum
1381 4260 1462 4306 est
1495 4254 1722 4319 ideoque
1741 4266 1881 4304 nunc
1901 4255 2014 4304 sine
2033 4259 2295 4305 commate
2316 4255 2576 4305 scribitur.
2648 4255 2729 4306 Si-

487 4346 635 4397 milia
667 4345 755 4396 hic
790 4342 943 4395 affert
977 4340 1287 4393 Stanbaum.
1322 4342 1379 4392 in
1417 4331 1537 4394 edit.
1580 4340 1738 4394 Goth.
1774 4340 1845 4390 11.
