2946 4928
408 340 535 408 328
674 336 1100 405 EPILOGUS
1142 337 1266 404 DE
1302 336 2050 405 INTERPUNCTIONE
2097 336 2278 405 CUM

382 499 620 570 ”deficit
668 521 897 568 nomen
949 519 1287 583 personae,
1354 502 1456 567 cui
1507 502 1617 568 ille
1671 524 1859 565 carue
1912 519 2058 567 esse
2103 501 2350 567 dicitur.
2442 500 2657 579 Quare

404 606 527 672 huc
572 606 968 684 deducimur,
1024 605 1150 669 vim
1193 606 1579 686 pronominis
1624 610 2147 686 utroqueversum
2191 622 2545 671 commeare
2592 611 2660 671 et

402 708 657 789 proprie
701 707 983 788 loquenti
1053 708 1142 773 sic
1197 708 1532 774 dicendum
1583 706 1806 773 fuisse:
1864 703 2222 791 Πάτροκλέ
2261 733 2409 791 μοι,
2459 733 2654 790 κεχα-

402 810 670 896 ρισμένε
711 834 833 893 μοι
853 861 870 890 ,
937 814 1193 891 poetam
1258 815 1472 876 autem
1539 810 1837 875 maluisse
1883 809 2177 892 ambigue
2231 809 2407 891 loqui
2462 829 2659 892 quam

402 912 794 994 ineleganter
819 912 895 994 ⁵).
982 912 1322 979 Eustathio
1385 931 1467 978 ne
1524 914 1959 993 accedamuS,
1992 913 2287 995 prohibet
2329 911 2658 980 Schaeferi

403 1016 767 1096 praeceptio
812 1015 896 1080 ad
938 1013 1296 1081 Orest124
1342 1015 1594 1078 εποίιῖείε
1639 1038 1822 1079 usum
1866 1027 2236 1080 commatum
2258 1016 2659 1101 apertissime

405 1114 687 1179 damnat.
780 1116 918 1182 Hoc
972 1118 1330 1183 continetur
1382 1119 1662 1201 generali
1705 1118 2054 1183 Hermanni
2118 1119 2323 1185 edicto
2382 1120 2467 1184 ad
2510 1120 2659 1201 Vig.

404 1217 533 1283 893
603 1219 682 1284 de
725 1218 1061 1285 Homerico
1106 1221 1241 1286 loco
1295 1221 1387 1285 sic
1430 1220 1802 1286 disserentis
1818 1240 1863 1312 τ,
1927 1218 2128 1296 Quum
2170 1219 2444 1282 sciamus
2459 1266 2479 1299 ,
2538 1243 2656 1283 no-

409 1321 582 1384 mina
627 1321 1095 1406 compellationi
1131 1333 1285 1407 apta
1327 1322 1468 1384 sola
1498 1322 1694 1407 poni,
1760 1322 1856 1385 ita
1898 1334 1966 1386 ut
2010 1345 2226 1407 pausa
2289 1320 2571 1406 quadam
2617 1347 2660 1385 a

402 1423 796 1508 sequentibus
857 1423 1279 1498 dirimantur:
1366 1447 1440 1488 ea
1497 1425 1666 1487 ratio
1731 1447 1858 1488 non
1927 1425 2082 1488 ez'vtit
2130 1447 2483 1509 pronomen
2547 1447 2657 1488 en·

404 1526 680 1591 olitionem
724 1525 1017 1612 adinnqi,
1087 1526 1259 1611 quod
1322 1549 1389 1591 eo
1455 1526 1640 1590 modo
1705 1527 1775 1590 in
1838 1527 2019 1616 initio
2088 1526 2396 1590 oratiam&
2439 1526 2658 1610 foret,

403 1629 473 1692 in
540 1652 660 1714 quo
724 1652 845 1694 non
898 1641 1115 1715 potest
1164 1630 1349 1715 poni.
1394 1628 1749 1693 'Eiusdem
1811 1628 1992 1693 modi
2054 1642 2145 1692 est
2207 1628 2375 1693 illud
2411 1629 2652 1714 Eurip.

401 1728 544 1818 Iph.
593 1733 687 1797 [Α.
753 1731 915 1797 1445
993 1730 1255 1802 παῦσαί
1319 1758 1402 1816 με
1467 1731 1560 1820 μὴ
1627 1728 1878 1811 κάκιζε,
1920 1733 2188 1815 xquippe
2249 1733 2317 1796 in
2378 1736 2658 1813 utroque

405 1836 717 1902 attractio.
806 1835 949 1900 Huc
1002 1836 1291 1917 congruit
1344 1834 1690 1915 disputatio
1754 1835 1875 1899 viri
1940 1835 2134 1914 docti,
2200 1852 2390 1915 quam
2454 1853 2658 1916 supra

399 1937 690 2002 indicavi.
842 1936 908 2000 Is
982 1938 1151 2001 enim
1222 1953 1570 2018 pronomen
1666 1937 2025 2003 encliticum
2047 1986 2063 2017 ,
2152 1936 2323 2018 quod
2395 1955 2524 2001 non
2615 1955 2655 2001 a

400 2039 685 2105 vocativo
709 2089 724 2118 ,
804 2038 919 2104 sed
982 2057 1026 2103 a
1096 2039 1291 2104 verbo
1365 2039 1610 2120 regitur
1632 2088 1648 2118 ,
1738 2043 1851 2105 aut
1922 2038 2207 2105 funditus
2283 2037 2500 2104 evellit
2576 2045 2658 2104 ut

402 2140 568 2224 Cycl.
614 2139 739 2208 676
785 2136 821 2207 ὃ
884 2138 1085 2219 ξένος,
1153 2137 1232 2206 ἵν’
1304 2135 1532 2225 ὀρθῶς
1596 2139 1918 2230 ἐκμάθῃς,
1985 2137 2049 2226 μ’
2102 2137 2465 2214 ἀπώλεσεν,
2537 2148 2658 2208 aut

398 2245 465 2309 in
509 2243 1076 2310 orthotonumenon
1117 2248 1350 2309 mutat:
1420 2246 1700 2311 παῦσαι·
1737 2240 1852 2329 ’μὲ
1894 2243 1986 2331 μὴ
2032 2240 2285 2325 κάκιζε,
2354 2263 2479 2326 quo
2544 2264 2653 2311 re-

401 2346 607 2411 medio
674 2346 992 2411 Porsonus
1059 2363 1307 2427 quoque
1370 2347 1491 2412 hoc
1566 2347 1701 2413 loco
1778 2348 1982 2412 utitur
2016 2347 2069 2429 ⁶)
2147 2351 2213 2412 et
2287 2347 2653 2413 Brunckius

399 2448 595 2514 Arist.
623 2447 773 2515 Achss
797 2447 919 2514 431
952 2447 1088 2528 δὸς,
1115 2443 1444 2533 ἀντιβολῶ
1468 2444 1553 2528 0³,
1599 2446 1750 2532 ἐμοὶ
1777 2448 1859 2514 τὰ
1889 2444 2242 2535 σπάργανα
2269 2468 2384 2530 pro
2409 2448 2486 2516 σέ
2506 2475 2648 2533 μοι,

399 2551 852 2633 Monckiusque
874 2552 1064 2634 Hipp.
1094 2550 1251 2619 1141
1301 2556 1618 2638 γυναῖκες,
1667 2548 1861 2639 εἴπερ
1909 2546 2057 2632 ἴστ’,
2106 2551 2256 2619 ἐμοὶ
2286 2548 2650 2639 σημήνατε,

400 2655 770 2736 saepissime
814 2660 1029 2719 autem
1071 2655 1642 2736 interpunctionem
1686 2656 1940 2736 penitus
1983 2655 2149 2720 tollit
2190 2659 2513 2737 tanquam,
2535 2675 2647 2722 en-

398 2757 534 2823 clisi
599 2758 1004 2823 contrariam:
1074 2751 1176 2823 36³
1226 2749 1280 2822 ὦ
1326 2757 1505 2836 ξένοι
1570 2762 1652 2840 ιἰε
1702 2794 1775 2804 —-
1829 2755 2001 2825 ἕλκει
2069 2757 2319 2823 Heracl.
2368 2757 2469 2837 78,
2535 2758 2645 2824 ubi

396 2865 691 2926 accentus
734 2859 1119 2940 pronominis
1163 2860 1346 2941 quasi
1390 2861 1508 2926 sub
1552 2860 1780 2925 umbra
1842 2860 2284 2942 praecedentis
2350 2861 2642 2926 vocabuli

393 2963 735 3041 delitescit,
800 2959 1079 3046 οἴκτειρε
1125 2958 1183 3028 δ’
1241 2955 1295 3028 ὦ
1336 2963 1549 3049 μῆτέρ
1614 2987 1698 3045 με
1764 2963 1990 3028 Bacch.
2064 2961 2257 3041 1118,
2329 2956 2520 3046 ἶίγετἸ
2587 2955 2644 3028 ὦ

397 3061 669 3147 πομποί
731 3089 816 3147 με
879 3063 962 3128 ib.
1035 3062 1238 3144 1379,
1306 3060 1523 3148 κόμιζ’
1582 3065 1900 3131 Ὀδυσσεῦ
1955 3059 2018 3146 μ’
2078 3059 2404 3149 ἀμφιθεὶς
2467 3063 2642 3150 κάρα

395 3166 688 3244 πέπλοις
730 3164 1052 3246 Hec.‚432,
1096 3162 1187 3250 μή
1232 3191 1336 3231 τοι
1383 3164 1737 3256 κασιγνήτη
1781 3161 1846 3250 μ’
1897 3162 2231 3254 ἀτιμάσῃς
2275 3166 2486 3249 Antig.
2511 3166 2642 3233 544

396 3272 532 3348 etc,
578 3287 694 3335 nec
738 3270 974 3350 dubito,
1021 3270 1173 3351 quin
1215 3270 1409 3335 Arist.
1458 3269 1706 3336 Thesm.
1752 3267 1878 3335 508
1925 3262 2050 3355 ἤδη
2097 3269 2248 3357 γὰρ,
2296 3260 2474 3356 ὦνέρ,
2519 3296 2638 3353 μοι

394 3373 571 3437 δοκῶ
618 3373 824 3451 τέξειν
869 3377 936 3439 et
977 3372 1179 3437 Nonn.
1224 3372 1282 3436 V
1327 3371 1455 3438 432
1501 3369 1690 3450 αἴθε,
1761 3367 2005 3459 πάτερ,
2072 3397 2156 3454 με
2203 3367 2502 3458 φυλάξας
2572 3379 2640 3438 et

531 3627 586 3692 5)
622 3629 839 3682 Nullum
887 3626 1213 3683 dubitationi
1245 3633 1422 3684 locum
1473 3632 1799 3697 reliquisset,
1853 3633 1899 3683 si
1949 3632 2257 3697 pronomine
2311 3648 2440 3684 usus
2493 3638 2635 3685 esset
2680 3688 2687 3694 ,

393 3721 591 3767 erecto:
629 3709 915 3786 Πάτροκλ’,
955 3716 1081 3784 ἐμοὶ
1118 3716 1269 3789 δειλῇ
1305 3724 1365 3771 ut
1396 3720 1452 3769 in
1479 3734 1638 3770 versu
1656 3718 1939 3769 identidem
1957 3720 2205 3785 repetitos
2248 3715 2487 3783 Τυδείδη
2504 3713 2631 3771 Διό-

389 3798 578 3864 μηδες,
615 3799 740 3868 ἐμοὶ
775 3803 1136 3873 κεχαρισμένε
1171 3805 1336 3871 θυμῷ
1371 3810 1448 3856 et:
1507 3800 1714 3872 Τίτυρ’,
1767 3802 1902 3861 &uir
1955 3799 2014 3855 τὸ
2066 3799 2239 3855 καλὸν
2289 3804 2629 3873 πεφιλημένε

393 3885 617 3938 Theocr.
633 3888 692 3938 lll
711 3885 760 3950 3,
797 3905 934 3954 quae
969 3906 1033 3941 ex
1068 3890 1273 3942 duabus
1309 3896 1556 3942 constant
1576 3892 1836 3956 partibus,
1871 3889 2222 3956 appellatione
2256 3895 2310 3942 et
2343 3894 2625 3946 enuntiato.

524 3969 581 4036 6)
619 3973 775 4036 Quod
798 3973 1057 4027 Matthiae
1091 3977 1323 4042 opponit,
1357 3993 1646 4042 pronomen
1679 3977 1768 4028 hic
1790 3976 1995 4028 nullam
2011 3978 2121 4027 vim
2139 3977 2352 4042 habere,
2389 3978 2624 4031 elevatur

389 4059 578 4112 crebra
612 4061 883 4126 utriusque
915 4062 1065 4111 vocis
1100 4061 1424 4116 confusione.

521 4144 685 4200 Adnue
720 4149 813 4209 „tt
842 4142 914 4208 δ’,
953 4133 996 4196 ὦ
1032 4141 1222 4210 τάλας,
1257 4160 1320 4200 σε
1356 4146 1502 4200 τοῦδ’
1544 4145 1654 4215 ἔχει
1689 4147 1922 4206 πλέκους
1948 4148 2138 4216 χρέος;
2175 4148 2476 4215 ΔοῙι.-454;
2510 4145 2620 4214 δὸς,

389 4220 433 4291 ὦ
469 4224 760 4298 numm,
811 4247 912 4300 μοι
940 4225 1111 4299 χάριν
1143 4233 1367 4287 Lucian.
1396 4234 1690 4300 contempl.
1726 4235 1756 4296 s
1794 4232 1822 4287 1
1861 4250 1912 4300 p.
1950 4232 2015 4287 31
2055 4236 2119 4286 T.
2150 4236 2214 4287 111
2248 4237 2394 4304 Rip„
2430 4229 2620 4305 ἄνδρες

390 4323 578 4372 τοίνυν
614 4319 818 4390 φῶμεν
850 4319 988 4371 Plat.
1022 4318 1192 4387 Legg.
1227 4320 1296 4374 lV
1332 4317 1434 4374 715
1466 4321 1516 4373 E
1552 4321 1667 4373 Ast.
1703 4322 1816 4375 sine
1850 4319 2105 4376 eomma“.
