2946 4928
683 320 798 386 DE
842 321 1633 419 PnosoHEMArlsMo.
1722 302 1863 394 izi
1908 329 2048 396 or
2094 294 2252 417 §.a
2397 297 2422 402 ’.
2453 334 2573 402 149

336 484 528 565 solet,
594 485 994 568 interponere
1053 493 1285 553 amant.
1405 488 1534 556 Sed
1585 511 1665 558 ne
1730 511 2039 560 consonae
2085 497 2573 580 committantur,

330 605 463 653 non
528 605 733 683 aeque
795 593 1050 654 cautum
1115 583 1257 656 esse
1298 560 1614 659 videmus:
1684 590 1974 662 σ’πισθεν
2016 595 2036 683 ΙΙ
2083 596 2302 678 δμωός
2343 600 2575 682 legitur

331 688 487 754 Hes.
536 689 696 771 opp.
720 677 885 770 467,
930 689 1218 778 ἵπερθεν
1259 693 1278 780 11
1325 701 1519 762 πῖλον
1550 695 1693 775 545,
1739 702 1805 762 et
1849 699 1939 763 sic
1982 699 2348 780 Apollonius
2392 704 2571 784 quin-

332 791 514 872 quies
561 787 943 878 ἓκάτερθεν,
1009 795 1108 860 bis
1164 790 1612 886 ἀντιπέρηθεν
1677 799 1710 863 Ι
1754 797 1896 879 613,
1942 801 2009 867 11
2056 801 2237 883 1031,
2307 803 2575 888 ἔνερθεν

334 892 518 963 1532
563 900 630 960 et
672 893 816 975 945,
863 896 928 960 Π
972 896 1117 976 259,
1164 893 1498 985 πάροιθεν
1543 901 1575 965 Ι
1624 900 1806 983 1055,
1852 902 1918 967 II
1960 901 2061 982 39,
2107 904 2206 969 ΙΠ
2233 904 2374 986 186,
2405 908 2574 973 idem

339 995 517 1061 Arat.
559 994 704 1078 974,
771 995 1126 1084 ἑκάτερθεν
1169 1000 1304 1066 Nic.
1353 1002 1537 1068 Ther.
1584 1002 1728 1084 478,
1794 1003 1971 1070 Arat.
2016 1004 2161 1085 881,
2222 1011 2288 1072 et
2342 1008 2467 1072 tria
2508 1011 2574 1073 in

322 1122 491 1170 ,ωθεν
512 1101 805 1166 exeuntia
821 1122 836 1165 ε
855 1100 914 1166 ἔτ
924 1100 1181 1186 ἔρωθεν
1195 1103 1453 1193 Theoer.
1467 1105 1648 1172 XXV
1663 1106 1761 1186 72,
1778 1099 2040 1173 ἄνωθεν
2054 1107 2311 1174 Theocr.
2324 1109 2482 1175 VIII
2499 1110 2574 1176 19

333 1206 402 1267 et
445 1203 545 1283 22,
591 1203 792 1284 Apoll.
839 1203 904 1269 II
950 1202 1092 1285 745,
1140 1200 1419 1273 ἄπωθεν
1445 1206 1627 1273 1583
1675 1211 1741 1273 et
1784 1209 1886 1272 all.
1907 1209 2057 1274 locc.
2147 1209 2355 1293 Atque
2399 1213 2573 1278 hisce

330 1304 555 1386 tribuS,
601 1324 764 1386 quae
809 1325 1015 1372 sermo
1060 1309 1258 1374 civilis
1302 1309 1558 1390 recepit,
1602 1308 1868 1375 librarii·
1888 1311 1982 1376 ita
2022 1319 2455 1394 assueverunt,
2500 1321 2573 1380 ut

328 1426 654 1490 nunquam
717 1409 902 1476 aliter
967 1411 1351 1492 scripserint.
1410 1409 1570 1476 Sed
1623 1404 1965 1492 plurimum
2030 1416 2360 1482 turbarum
2405 1418 2573 1484 cient

326 1511 396 1576 in
439 1510 549 1578 illo
613 1513 859 1593 poetico
924 1531 1181 1594 genere:
1247 1509 1513 1600 ὕπερθε
1576 1514 1887 1595 praebent
1927 1516 2098 1597 Lips.
2146 1523 2213 1584 et
2257 1519 2460 1585 Trinc.
2503 1521 2569 1586 in

328 1612 482 1679 Hes.
509 1612 668 1696 Opp.
695 1612 838 1695 744,
883 1615 1000 1681 cod
1022 1614 1095 1679 A.
1139 1616 1205 1679 in
1229 1614 1487 1698 Dionys.
1512 1615 1614 1696 30,
1658 1615 2007 1684 Vossianus
2035 1618 2227 1702 Orph.
2248 1621 2396 1703 Arg.
2422 1621 2566 1704 313,

326 1711 659 1801 ὑπένερθε
702 1722 976 1798 quatuor
1019 1717 1221 1799 Apoll.
1266 1718 1332 1782 Π
1375 1717 1531 1799 259,
1598 1737 1866 1800 quorum
1908 1721 2067 1787 illud
2108 1723 2293 1803 vulgo
2337 1724 2570 1805 legitur

328 1817 505 1884 Arat.
529 1818 676 1899 483,
723 1817 985 1902 Oppian.
1032 1819 1321 1903 Cyneg.1
1353 1819 1499 1901 418,
1544 1822 1663 1888 hoc
1694 1822 1950 1906 Dionys,
1975 1822 2119 1904 336,
2166 1826 2281 1890 sed
2322 1831 2564 1892 utrum-

326 1910 450 2004 que
515 1921 581 1987 in
647 1921 966 1989 codicibus
1032 1923 1271 2006 aliquot
1314 1943 1589 1990 consona
1631 1922 1863 2006 finitur,
1931 1944 2122 2007 quam
2165 1926 2563 1995 Wellauerus

326 2023 528 2105 Apoll.
573 2023 672 2089 III
714 2024 842 2090 873
906 2021 1289 2108 μετόπισθε
1357 2025 1608 2095 affinxit,
1645 2032 1862 2093 contra
1907 2029 2168 2109 codiceS,
2239 2026 2594 2118 ἑκάτερθε,

321 2128 608 2209 plerique
674 2128 707 2192 I
749 2126 895 2208 564,
965 2120 1220 2195 ὄπισθε
1247 2129 1583 2201 ,Laurent
1631 2129 1887 2197 Theocr.
1932 2131 2052 2198 XV
2098 2129 2179 2197 56
2248 2138 2314 2199 et
2377 2135 2563 2216 vulgo

325 2229 590 2318 Oppian.
639 2229 789 2313 Cyn.
833 2231 866 2295 I
908 2227 1051 2310 409,
1122 2224 1582 2318 προπάροιθέ
1620 2232 1796 2298 Arat.
1847 2232 2012 2299 1064
2078 2235 2201 2300 duo
2255 2255 2295 2300 a
2337 2236 2563 2304 Vossio

324 2333 493 2412 lecti,
540 2352 580 2398 a
622 2333 1009 2419 Buttmanno
1055 2338 1122 2399 et
1162 2334 1455 2400 Bekkero
1499 2336 1846 2416 praeteriti.
1917 2329 2205 2404 ’Ἀνευθε
2250 2357 2561 2409 consonae

327 2436 752 2518 antepositum
795 2436 999 2519 Apoll.
1033 2436 1125 2504 IV
1150 2434 1291 2518 746,
1337 2436 1574 2504 Mosch.
1598 2437 1665 2503 Π
1703 2437 1823 2504 127
1871 2437 2055 2523 (133)
2101 2445 2362 2508 excusat
2404 2461 2556 2527 quo-

323 2540 659 2605 dammodo
700 2540 1169 2622 interpunctio,
1195 2540 1346 2606 alibi
1393 2534 1674 2607 ἄνευθεν
1719 2541 1967 2622 legitur.
2055 2542 2131 2606 In
2167 2542 2382 2620 Quinti
2424 2565 2560 2612 car·
2623 2623 2634 2632 .

319 2643 489 2707 mine
553 2660 720 2708 nunc
784 2641 1019 2729 ἔνερθε
1062 2642 1081 2728 ΙΙ
1124 2643 1282 2732 ῥῆξε
1347 2643 1500 2710 XIV
1545 2640 1697 2722 646,
1763 2631 1929 2708 nunc
1991 2642 2262 2732 ἔνερθεν
2306 2645 2326 2731 ΙΙ
2367 2649 2559 2736 ῥῆξεν

319 2744 484 2810 XIII
528 2742 656 2809 548
701 2749 769 2811 ει,
811 2744 1084 2832 ἔνερθεν
1109 2743 1146 2831 Η
1185 2746 1557 2836 θεσπεσίην
1599 2745 1726 2810 XII
1770 2744 1915 2825 397,
1959 2748 2101 2828 pari
2142 2748 2563 2815 inconstantia

229 2921 243 2932 ‚
319 2844 657 2935 πάροιθεν
705 2848 800 2912 IX
843 2846 988 2929 477,
1033 2848 1196 2913 XIII
1237 2846 1362 2913 364
1408 2853 1475 2914 et
1518 2845 1856 2936 πάροιθεν
1898 2849 1991 2914 IX
2035 2848 2178 2931 491,
2209 2851 2284 2918 X
2328 2850 2454 2916 308
2478 2851 2558 2934 ³⁸),

317 2949 616 3037 ἵπερθέν
641 2950 734 3015 XI
758 2950 902 3030 399,
950 2950 1063 3016 Sed
1109 2951 1307 3017 multo
1353 2953 1623 3032 saepius
1650 2948 1913 3039 ὕπερθε
1956 2952 2051 3017 ΙΧ
2086 2950 2230 3034 463,
2276 2952 2369 3019 XI
2414 2953 2557 3035 339,

317 3053 472 3120 XIV
502 3048 646 3132 637,
694 3050 1046 3141 ἐφύπερθε
1091 3053 1123 3118 Ι
1145 3052 1244 3134 60,
1290 3053 1442 3119 XIV
1464 3052 1609 3136 392,
1655 3055 1922 3138 ideoque
1964 3055 2305 3138 probamus
2351 3052 2554 3124 ὑπέν-

320 3161 488 3244 ερθε
531 3154 689 3222 VIII
733 3153 878 3235 462,
924 3157 1093 3238 quod
1134 3156 1415 3240 Koechly
1460 3175 1497 3223 e
1545 3157 1861 3223 codicibus
1904 3160 2219 3239 reposuit,
2263 3159 2558 3243 idemque

315 3258 575 3326 reduxit
613 3253 938 3343 εκάτερθε
982 3258 1140 3341 VIII
1185 3257 1287 3339 63,
1331 3259 1444 3324 Sed
1490 3254 1847 3345 εκάιερθεν
1869 3259 2027 3325 VIII
2062 3260 2182 3326 196
2229 3262 2364 3327 sine
2407 3267 2558 3327 nota

315 3361 709 3427 transmisit.
775 3359 1039 3426 Poetam
1102 3362 1312 3442 ipsum
1373 3348 1547 3425 intra
1609 3379 1845 3442 paucos
1889 3380 2111 3427 versus
2167 3360 2248 3427 ab
2306 3345 2432 3428 uno
2474 3365 2558 3429 ad

317 3465 591 3530 alterum
634 3464 1036 3529 transiluisse
1080 3463 1338 3529 credere
1369 3460 1621 3528 difficile
1644 3468 1761 3545 est,
1806 3482 1923 3528 nec
1944 3464 2151 3529 minus
2174 3463 2554 3546 ambiguum,

313 3568 446 3633 utri
511 3567 897 3646 assueverit3
966 3565 1081 3632 sed
1153 3549 1609 3649 quodammodo
1673 3566 2137 3650 praeponderat
2196 3568 2555 3633 terminatio
2611 3603 2612 3606 π

312 3669 494 3754 p'ura.
582 3670 788 3749 Idem,
832 3686 913 3734 ne
957 3668 1110 3751 quid
1151 3673 1577 3765 praeteream,
1621 3668 1730 3735 ubi
1772 3687 1995 3735 versus
2039 3670 2347 3751 postulat,
2394 3671 2553 3736 assi-

314 3774 512 3840 duum
553 3773 750 3839 habet
793 3769 1120 3853 ἔκπσθεν,
1187 3773 1381 3839 semel
1422 3784 1573 3839 ‘vero
1639 3768 1840 3838 κακὸν
1888 3770 2137 3855 ἔμπεσε
2189 3772 2401 3862 Τροίῃ
2447 3773 2553 3839 ἔκ-

314 3882 500 3943 ποθε
543 3875 654 3941 καὶ
692 3911 764 3922 -—
803 3873 956 3939 XIV
1003 3874 1102 3956 74,
1146 3893 1295 3940 nam
1337 3865 1431 3940 IX
1460 3874 1612 3962 42ολ
1632 3876 1947 3957 scriptura
1991 3879 2392 3942 controversa
2436 3881 2551 3957 est,
2583 3890 2602 3898 ·

310 3997 371 4044 v.
414 3976 681 4044 Elemm.
748 3976 992 4042 Pathol.
1038 3977 1072 4043 Ι
1136 3976 1262 4043 610
1329 3976 1423 4061 [et
1464 3976 1800 4063 Addend.].
1871 3972 1987 4049 Πό
1996 3983 2081 4044 θε
2124 3996 2249 4043 non
2292 3979 2551 4060 legitur3

450 4214 511 4281 ³⁸)
548 4216 721 4268 XIII
745 4214 865 4279 548,
905 4217 1000 4269 IX
1025 4215 1145 4283 491,
1179 4219 1234 4271 X
1265 4214 1368 4271 308
1420 4218 1479 4272 νη
1513 4218 1680 4271 altera
1730 4217 1846 4271 edit.
1892 4219 2083 4273 Teubn.
2117 4218 2383 4271 emendata
2415 4225 2551 4280 eunt,

313 4303 519 4376 reliqua
538 4301 928 4372 *praeter-mim.
