<?xml version="1.0" encoding="UTF-8"?>
<!DOCTYPE html PUBLIC "-//W3C//DTD XHTML 1.0 Transitional//EN"
    "http://www.w3.org/TR/xhtml1/DTD/xhtml1-transitional.dtd">
<html xmlns="http://www.w3.org/1999/xhtml" xml:lang="en" lang="en">
 <head>
  <title>
</title>
<meta http-equiv="Content-Type" content="text/html;charset=utf-8" />
  <meta name='ocr-system' content='tesseract 3.04.00' />
  <meta name='ocr-capabilities' content='ocr_page ocr_carea ocr_par ocr_line ocrx_word'/>
</head>
<body>
  <div class='ocr_page' id='page_1' title='image "./pathologiaegrae02lobegoog_0148.png"; bbox 0 0 2946 4928; ppageno 0'>
   <div class='ocr_carea' id='block_1_1' title="bbox 457 350 1932 458">
    <p class='ocr_par' dir='ltr' id='par_1_1' title="bbox 457 350 1932 458">
     <span class='ocr_line' id='line_1_1' title="bbox 457 350 1932 458; baseline 0.001 -37"><span class='ocrx_word' id='word_1_1' title='bbox 457 354 579 421; x_wconf 82' lang='lat'>132</span> <span class='ocrx_word' id='word_1_2' title='bbox 1218 350 1776 458; x_wconf 70' lang='lat' dir='ltr'>nissssurA‘rlo</span> <span class='ocrx_word' id='word_1_3' title='bbox 1821 352 1932 422; x_wconf 86' lang='lat' dir='ltr'>VI.</span> 
     </span>
    </p>
   </div>
   <div class='ocr_carea' id='block_1_2' title="bbox 447 513 2693 810">
    <p class='ocr_par' dir='ltr' id='par_1_2' title="bbox 447 513 2693 810">
     <span class='ocr_line' id='line_1_2' title="bbox 452 513 2693 603; baseline 0.001 -19"><span class='ocrx_word' id='word_1_4' title='bbox 452 513 718 603; x_wconf 79' lang='grc' dir='ltr'><strong><em>εἶρεῦσα</em></strong></span> <span class='ocrx_word' id='word_1_5' title='bbox 783 515 1148 601; x_wconf 85' lang='lat' dir='ltr'>Hesiod.*)‚</span> <span class='ocrx_word' id='word_1_6' title='bbox 1217 519 1441 599; x_wconf 85' lang='lat' dir='ltr'>semel,</span> <span class='ocrx_word' id='word_1_7' title='bbox 1506 519 1632 584; x_wconf 89' lang='lat' dir='ltr'>nisi</span> <span class='ocrx_word' id='word_1_8' title='bbox 1692 515 1906 599; x_wconf 85' lang='lat' dir='ltr'>fallor,</span> <span class='ocrx_word' id='word_1_9' title='bbox 1971 532 2147 583; x_wconf 86' lang='lat' dir='ltr'>more</span> <span class='ocrx_word' id='word_1_10' title='bbox 2212 516 2458 599; x_wconf 87' lang='lat' dir='ltr'>vulgari</span> <span class='ocrx_word' id='word_1_11' title='bbox 2499 516 2566 581; x_wconf 91' lang='lat' dir='ltr'>in</span> <span class='ocrx_word' id='word_1_12' title='bbox 2606 517 2693 586; x_wconf 63' lang='lat' dir='ltr'>&#39;iffi</span> 
     </span>
     <span class='ocr_line' id='line_1_3' title="bbox 452 618 2689 707; baseline -0.001 -21"><span class='ocrx_word' id='word_1_13' title='bbox 452 623 971 707; x_wconf 78' lang='grc' dir='ltr'><strong><em>ποντοποροῦσα</em></strong></span> <span class='ocrx_word' id='word_1_14' title='bbox 1018 619 1134 685; x_wconf 89' lang='lat' dir='ltr'>Od.</span> <span class='ocrx_word' id='word_1_15' title='bbox 1179 620 1273 685; x_wconf 90' lang='lat' dir='ltr'>XI</span> <span class='ocrx_word' id='word_1_16' title='bbox 1324 618 1418 702; x_wconf 84' lang='lat'>11,</span> <span class='ocrx_word' id='word_1_17' title='bbox 1462 619 1580 702; x_wconf 82' lang='lat' dir='ltr'>pro</span> <span class='ocrx_word' id='word_1_18' title='bbox 1623 640 1749 704; x_wconf 83' lang='lat' dir='ltr'>quo</span> <span class='ocrx_word' id='word_1_19' title='bbox 1791 620 2106 687; x_wconf 80' lang='lat' dir='ltr'>Leonidas</span> <span class='ocrx_word' id='word_1_20' title='bbox 2150 619 2404 686; x_wconf 85' lang='lat' dir='ltr'>Anthol.</span> <span class='ocrx_word' id='word_1_21' title='bbox 2434 619 2529 685; x_wconf 91' lang='lat' dir='ltr'>IX</span> <span class='ocrx_word' id='word_1_22' title='bbox 2570 618 2689 684; x_wconf 84' lang='grc'>107</span> 
     </span>
     <span class='ocr_line' id='line_1_4' title="bbox 447 722 2691 810; baseline 0.001 -23"><span class='ocrx_word' id='word_1_23' title='bbox 447 729 985 810; x_wconf 75' lang='grc' dir='ltr'><strong><em>ποντοπορεῦσας</em></strong></span> <span class='ocrx_word' id='word_1_24' title='bbox 1007 724 1074 787; x_wconf 89' lang='lat' dir='ltr'>in</span> <span class='ocrx_word' id='word_1_25' title='bbox 1097 722 1358 789; x_wconf 76' lang='lat' dir='ltr'>Maximi</span> <span class='ocrx_word' id='word_1_26' title='bbox 1382 743 1570 791; x_wconf 83' lang='lat' dir='ltr'>versu</span> <span class='ocrx_word' id='word_1_27' title='bbox 1592 724 1719 790; x_wconf 81' lang='lat'>357</span> <span class='ocrx_word' id='word_1_28' title='bbox 1747 723 2136 790; x_wconf 82' lang='lat' dir='ltr'>Gerhardius</span> <span class='ocrx_word' id='word_1_29' title='bbox 2163 727 2691 809; x_wconf 75' lang='grc' dir='ltr'><strong><em>αῖθροπολεῦσα,</em></strong></span> 
     </span>
    </p>
   </div>
   <div class='ocr_carea' id='block_1_3' title="bbox 448 818 2822 913">
    <p class='ocr_par' dir='ltr' id='par_1_3' title="bbox 448 818 2822 913">
     <span class='ocr_line' id='line_1_5' title="bbox 448 818 2822 913; baseline 0.001 -24"><span class='ocrx_word' id='word_1_30' title='bbox 448 826 562 890; x_wconf 92' lang='lat' dir='ltr'>sed</span> <span class='ocrx_word' id='word_1_31' title='bbox 583 845 640 890; x_wconf 90' lang='lat' dir='ltr'>v.</span> <span class='ocrx_word' id='word_1_32' title='bbox 663 822 789 891; x_wconf 89' lang='grc'>483</span> <span class='ocrx_word' id='word_1_33' title='bbox 816 820 1338 913; x_wconf 76' lang='grc' dir='ltr'><strong><em>αἶθροπολοῦσα</em></strong></span> <span class='ocrx_word' id='word_1_34' title='bbox 1383 828 1600 910; x_wconf 81' lang='lat' dir='ltr'>edidit,</span> <span class='ocrx_word' id='word_1_35' title='bbox 1645 827 1923 910; x_wconf 80' lang='lat' dir='ltr'>Koechly</span> <span class='ocrx_word' id='word_1_36' title='bbox 1944 831 2213 909; x_wconf 89' lang='lat' dir='ltr'>utroque</span> <span class='ocrx_word' id='word_1_37' title='bbox 2235 827 2371 892; x_wconf 92' lang='lat' dir='ltr'>loco</span> <span class='ocrx_word' id='word_1_38' title='bbox 2407 863 2478 874; x_wconf 88' lang='lat'>—-</span> <span class='ocrx_word' id='word_1_39' title='bbox 2502 831 2688 904; x_wconf 77' lang='grc' dir='ltr'><strong><em>οὖσα,</em></strong></span> <span class='ocrx_word' id='word_1_40' title='bbox 2811 818 2822 822; x_wconf 74' lang='grc'><strong><em>’</em></strong></span> 
     </span>
    </p>
   </div>
   <div class='ocr_carea' id='block_1_4' title="bbox 374 928 2696 3802">
    <p class='ocr_par' dir='ltr' id='par_1_4' title="bbox 374 928 2696 3082">
     <span class='ocr_line' id='line_1_6' title="bbox 449 928 2694 1013; baseline -0 -20"><span class='ocrx_word' id='word_1_41' title='bbox 449 933 675 995; x_wconf 81' lang='lat' dir='ltr'><strong>neuter</strong></span> <span class='ocrx_word' id='word_1_42' title='bbox 729 929 1072 1011; x_wconf 85' lang='lat' dir='ltr'><strong>quidquam</strong></span> <span class='ocrx_word' id='word_1_43' title='bbox 1138 930 1466 997; x_wconf 86' lang='lat' dir='ltr'>adnotans.</span> <span class='ocrx_word' id='word_1_44' title='bbox 1587 931 1836 1013; x_wconf 82' lang='lat' dir='ltr'>Tragici</span> <span class='ocrx_word' id='word_1_45' title='bbox 1890 931 2015 995; x_wconf 92' lang='lat' dir='ltr'>duo</span> <span class='ocrx_word' id='word_1_46' title='bbox 2057 929 2138 995; x_wconf 90' lang='lat' dir='ltr'>ab</span> <span class='ocrx_word' id='word_1_47' title='bbox 2183 928 2379 1011; x_wconf 79' lang='lat' dir='ltr'>epicis</span> <span class='ocrx_word' id='word_1_48' title='bbox 2420 928 2694 993; x_wconf 87' lang='lat' dir='ltr'>mutuati</span> 
     </span>
     <span class='ocr_line' id='line_1_7' title="bbox 450 1027 2696 1118; baseline -0 -21"><span class='ocrx_word' id='word_1_49' title='bbox 450 1037 600 1097; x_wconf 86' lang='lat' dir='ltr'>sunt</span> <span class='ocrx_word' id='word_1_50' title='bbox 641 1027 934 1118; x_wconf 76' lang='grc' dir='ltr'><strong><em>ὗμνεῦσα</em></strong></span> <span class='ocrx_word' id='word_1_51' title='bbox 995 1038 1061 1098; x_wconf 81' lang='lat' dir='ltr'>et</span> <span class='ocrx_word' id='word_1_52' title='bbox 1105 1030 1511 1115; x_wconf 73' lang='grc' dir='ltr'><strong><em>εἰσοιχνεῦσι,</em></strong></span> <span class='ocrx_word' id='word_1_53' title='bbox 1581 1034 1842 1099; x_wconf 88' lang='lat' dir='ltr'>tertium</span> <span class='ocrx_word' id='word_1_54' title='bbox 1907 1033 2153 1098; x_wconf 79' lang='lat' dir='ltr'>addidit</span> <span class='ocrx_word' id='word_1_55' title='bbox 2195 1031 2534 1113; x_wconf 80' lang='lat' dir='ltr'>Euripides</span> <span class='ocrx_word' id='word_1_56' title='bbox 2577 1055 2696 1114; x_wconf 84' lang='grc' dir='ltr'>μυ·</span> 
     </span>
     <span class='ocr_line' id='line_1_8' title="bbox 374 1132 2694 1219; baseline -0.001 -18"><span class='ocrx_word' id='word_1_57' title='bbox 374 1136 391 1159; x_wconf 80' lang='grc'><strong>“</strong></span> <span class='ocrx_word' id='word_1_58' title='bbox 450 1139 670 1202; x_wconf 72' lang='grc' dir='ltr'><strong><em>θεῖσα</em></strong></span> <span class='ocrx_word' id='word_1_59' title='bbox 715 1134 852 1217; x_wconf 91' lang='lat' dir='ltr'>Iph.</span> <span class='ocrx_word' id='word_1_60' title='bbox 898 1135 954 1200; x_wconf 89' lang='lat' dir='ltr'>A</span> <span class='ocrx_word' id='word_1_61' title='bbox 1003 1133 1146 1218; x_wconf 83' lang='lat'>789,</span> <span class='ocrx_word' id='word_1_62' title='bbox 1214 1142 1579 1218; x_wconf 89' lang='lat' dir='ltr'>suspectum</span> <span class='ocrx_word' id='word_1_63' title='bbox 1621 1137 1780 1202; x_wconf 91' lang='lat' dir='ltr'>illud</span> <span class='ocrx_word' id='word_1_64' title='bbox 1822 1141 2083 1219; x_wconf 89' lang='lat' dir='ltr'>propter</span> <span class='ocrx_word' id='word_1_65' title='bbox 2125 1135 2526 1201; x_wconf 81' lang='lat' dir='ltr'>insolentiam</span> <span class='ocrx_word' id='word_1_66' title='bbox 2568 1132 2694 1199; x_wconf 85' lang='lat' dir='ltr'>for-</span> 
     </span>
     <span class='ocr_line' id='line_1_9' title="bbox 448 1237 2691 1322; baseline 0 -19"><span class='ocrx_word' id='word_1_67' title='bbox 448 1258 591 1303; x_wconf 90' lang='lat' dir='ltr'>mae</span> <span class='ocrx_word' id='word_1_68' title='bbox 637 1239 878 1305; x_wconf 82' lang='lat' dir='ltr'>activae</span> <span class='ocrx_word' id='word_1_69' title='bbox 923 1244 988 1304; x_wconf 88' lang='lat' dir='ltr'>et</span> <span class='ocrx_word' id='word_1_70' title='bbox 1031 1241 1181 1322; x_wconf 88' lang='lat' dir='ltr'>quia</span> <span class='ocrx_word' id='word_1_71' title='bbox 1223 1240 1396 1305; x_wconf 89' lang='lat' dir='ltr'>nullo</span> <span class='ocrx_word' id='word_1_72' title='bbox 1440 1240 1702 1305; x_wconf 87' lang='lat' dir='ltr'>Homeri</span> <span class='ocrx_word' id='word_1_73' title='bbox 1747 1239 2030 1322; x_wconf 84' lang='lat' dir='ltr'>exemplo</span> <span class='ocrx_word' id='word_1_74' title='bbox 2084 1237 2460 1318; x_wconf 85' lang='lat' dir='ltr'>defenditur,</span> <span class='ocrx_word' id='word_1_75' title='bbox 2528 1255 2691 1319; x_wconf 86' lang='lat' dir='ltr'>quae</span> 
     </span>
     <span class='ocr_line' id='line_1_10' title="bbox 451 1340 2690 1436; baseline -0 -29"><span class='ocrx_word' id='word_1_76' title='bbox 451 1360 679 1436; x_wconf 77' lang='lat' dir='ltr'>causae</span> <span class='ocrx_word' id='word_1_77' title='bbox 745 1341 1072 1409; x_wconf 89' lang='lat' dir='ltr'>diffidendi</span> <span class='ocrx_word' id='word_1_78' title='bbox 1113 1343 1417 1409; x_wconf 86' lang='lat' dir='ltr'>Elmsleio</span> <span class='ocrx_word' id='word_1_79' title='bbox 1483 1341 1679 1408; x_wconf 86' lang='lat' dir='ltr'>fuisse</span> <span class='ocrx_word' id='word_1_80' title='bbox 1744 1343 2039 1409; x_wconf 88' lang='lat' dir='ltr'>videntur</span> <span class='ocrx_word' id='word_1_81' title='bbox 2106 1342 2190 1407; x_wconf 88' lang='lat' dir='ltr'>ad</span> <span class='ocrx_word' id='word_1_82' title='bbox 2232 1341 2400 1408; x_wconf 91' lang='lat' dir='ltr'>Med.</span> <span class='ocrx_word' id='word_1_83' title='bbox 2444 1362 2501 1408; x_wconf 90' lang='lat' dir='ltr'>v.</span> <span class='ocrx_word' id='word_1_84' title='bbox 2546 1340 2690 1407; x_wconf 84' lang='lat'>421.</span> 
     </span>
     <span class='ocr_line' id='line_1_11' title="bbox 453 1444 2690 1531; baseline -0 -21"><span class='ocrx_word' id='word_1_85' title='bbox 453 1483 526 1494; x_wconf 85' lang='lat'>—-</span> <span class='ocrx_word' id='word_1_86' title='bbox 576 1446 910 1512; x_wconf 90' lang='lat' dir='ltr'>Insolitum</span> <span class='ocrx_word' id='word_1_87' title='bbox 974 1465 1173 1529; x_wconf 88' lang='lat' dir='ltr'>genus</span> <span class='ocrx_word' id='word_1_88' title='bbox 1240 1447 1438 1513; x_wconf 86' lang='lat' dir='ltr'>erasis</span> <span class='ocrx_word' id='word_1_89' title='bbox 1484 1445 1794 1512; x_wconf 79' lang='lat' dir='ltr'>Matthiae</span> <span class='ocrx_word' id='word_1_90' title='bbox 1852 1447 1906 1531; x_wconf 64' lang='grc' dir='ltr'>ἕ.</span> <span class='ocrx_word' id='word_1_91' title='bbox 1954 1444 2037 1510; x_wconf 83' lang='grc'>78</span> <span class='ocrx_word' id='word_1_92' title='bbox 2087 1446 2202 1510; x_wconf 88' lang='lat' dir='ltr'>ult.</span> <span class='ocrx_word' id='word_1_93' title='bbox 2267 1464 2345 1510; x_wconf 85' lang='lat' dir='ltr'>ex</span> <span class='ocrx_word' id='word_1_94' title='bbox 2388 1444 2690 1511; x_wconf 85' lang='lat' dir='ltr'>An&#39;ecdot.</span> 
     </span>
     <span class='ocr_line' id='line_1_12' title="bbox 444 1547 2685 1632; baseline -0 -17"><span class='ocrx_word' id='word_1_95' title='bbox 444 1550 645 1616; x_wconf 89' lang='lat' dir='ltr'>Bekk.</span> <span class='ocrx_word' id='word_1_96' title='bbox 674 1548 840 1615; x_wconf 91' lang='grc'>1188</span> <span class='ocrx_word' id='word_1_97' title='bbox 885 1547 1070 1615; x_wconf 83' lang='lat' dir='ltr'>affert</span> <span class='ocrx_word' id='word_1_98' title='bbox 1089 1554 1393 1632; x_wconf 87' lang='lat' dir='ltr'>tanquam</span> <span class='ocrx_word' id='word_1_99' title='bbox 1423 1568 1463 1614; x_wconf 90' lang='lat' dir='ltr'>a</span> <span class='ocrx_word' id='word_1_100' title='bbox 1487 1548 1919 1616; x_wconf 86' lang='lat' dir='ltr'>Choerobosco</span> <span class='ocrx_word' id='word_1_101' title='bbox 1948 1549 2315 1631; x_wconf 88' lang='lat' dir='ltr'>probatum:</span> <span class='ocrx_word' id='word_1_102' title='bbox 2353 1551 2685 1627; x_wconf 80' lang='grc' dir='ltr'><strong><em>Σωκλοῦς,</em></strong></span> 
     </span>
     <span class='ocr_line' id='line_1_13' title="bbox 448 1646 2690 1741; baseline -0 -24"><span class='ocrx_word' id='word_1_103' title='bbox 448 1654 818 1741; x_wconf 81' lang='grc' dir='ltr'><strong><em>Προκλοῦς.</em></strong></span> <span class='ocrx_word' id='word_1_104' title='bbox 930 1651 1017 1717; x_wconf 92' lang='lat' dir='ltr'>At</span> <span class='ocrx_word' id='word_1_105' title='bbox 1060 1672 1210 1719; x_wconf 90' lang='lat' dir='ltr'>vero</span> <span class='ocrx_word' id='word_1_106' title='bbox 1253 1653 1357 1718; x_wconf 90' lang='lat' dir='ltr'>hic</span> <span class='ocrx_word' id='word_1_107' title='bbox 1398 1654 1466 1718; x_wconf 91' lang='lat' dir='ltr'>in</span> <span class='ocrx_word' id='word_1_108' title='bbox 1512 1651 1662 1718; x_wconf 86' lang='lat' dir='ltr'>Can.</span> <span class='ocrx_word' id='word_1_109' title='bbox 1715 1652 1854 1718; x_wconf 85' lang='lat'>180.</span> <span class='ocrx_word' id='word_1_110' title='bbox 1900 1650 1996 1717; x_wconf 82' lang='lat'>24-</span> <span class='ocrx_word' id='word_1_111' title='bbox 2029 1652 2199 1717; x_wconf 87' lang='lat' dir='ltr'>clare</span> <span class='ocrx_word' id='word_1_112' title='bbox 2244 1653 2430 1718; x_wconf 90' lang='lat' dir='ltr'>docet</span> <span class='ocrx_word' id='word_1_113' title='bbox 2474 1646 2690 1718; x_wconf 80' lang='grc' dir='ltr'><strong><em>ἰστέον</em></strong></span> 
     </span>
     <span class='ocr_line' id='line_1_14' title="bbox 450 1751 2689 1844; baseline -0.001 -22"><span class='ocrx_word' id='word_1_114' title='bbox 450 1754 552 1822; x_wconf 72' lang='grc' dir='ltr'>ὅτι</span> <span class='ocrx_word' id='word_1_115' title='bbox 600 1752 640 1844; x_wconf 82' lang='grc' dir='ltr'><strong><em>ἡ</em></strong></span> <span class='ocrx_word' id='word_1_116' title='bbox 681 1753 1120 1840; x_wconf 57' lang='grc' dir='ltr'><strong><em>(Ηρακλοῢς</em></strong></span> <span class='ocrx_word' id='word_1_117' title='bbox 1165 1756 1381 1843; x_wconf 78' lang='grc' dir='ltr'><em>γενικὴ</em></span> <span class='ocrx_word' id='word_1_118' title='bbox 1431 1751 1550 1838; x_wconf 81' lang='grc' dir='ltr'><strong><em>οὗχ</em></strong></span> <span class='ocrx_word' id='word_1_119' title='bbox 1595 1752 1971 1843; x_wconf 72' lang='grc' dir='ltr'><strong><em>εὑρίσκεται</em></strong></span> <span class='ocrx_word' id='word_1_120' title='bbox 2018 1754 2084 1820; x_wconf 78' lang='grc' dir='ltr'><strong><em>ἒν</em></strong></span> <span class='ocrx_word' id='word_1_121' title='bbox 2125 1753 2386 1842; x_wconf 83' lang='grc' dir='ltr'><strong><em>χρήσει,</em></strong></span> <span class='ocrx_word' id='word_1_122' title='bbox 2432 1773 2689 1820; x_wconf 82' lang='lat' dir='ltr'>consen-</span> 
     </span>
     <span class='ocr_line' id='line_1_15' title="bbox 446 1857 2688 1943; baseline -0 -19"><span class='ocrx_word' id='word_1_123' title='bbox 446 1860 614 1924; x_wconf 92' lang='lat' dir='ltr'>tiens</span> <span class='ocrx_word' id='word_1_124' title='bbox 681 1859 1031 1925; x_wconf 85' lang='lat' dir='ltr'>Theodosio</span> <span class='ocrx_word' id='word_1_125' title='bbox 1097 1858 1388 1943; x_wconf 18' lang='grc'>988112,</span> <span class='ocrx_word' id='word_1_126' title='bbox 1456 1857 1532 1924; x_wconf 85' lang='lat' dir='ltr'>cf.</span> <span class='ocrx_word' id='word_1_127' title='bbox 1598 1859 1831 1926; x_wconf 84' lang='lat' dir='ltr'>Herod.</span> <span class='ocrx_word' id='word_1_128' title='bbox 1903 1860 1981 1924; x_wconf 89' lang='lat' dir='ltr'>de</span> <span class='ocrx_word' id='word_1_129' title='bbox 2039 1858 2196 1924; x_wconf 86' lang='lat' dir='ltr'>Gen.</span> <span class='ocrx_word' id='word_1_130' title='bbox 2261 1877 2478 1942; x_wconf 86' lang='lat' dir='ltr'>parag.</span> <span class='ocrx_word' id='word_1_131' title='bbox 2545 1857 2688 1923; x_wconf 82' lang='lat'>231.</span> 
     </span>
     <span class='ocr_line' id='line_1_16' title="bbox 447 1956 2684 2046; baseline -0.001 -19"><span class='ocrx_word' id='word_1_132' title='bbox 447 1962 670 2044; x_wconf 90' lang='lat' dir='ltr'>Neque</span> <span class='ocrx_word' id='word_1_133' title='bbox 719 1963 1102 2028; x_wconf 89' lang='lat' dir='ltr'>contrarium</span> <span class='ocrx_word' id='word_1_134' title='bbox 1145 1960 1452 2045; x_wconf 83' lang='lat' dir='ltr'>probatur</span> <span class='ocrx_word' id='word_1_135' title='bbox 1498 1963 1792 2044; x_wconf 83' lang='lat' dir='ltr'>genitivis</span> <span class='ocrx_word' id='word_1_136' title='bbox 1837 1963 2064 2029; x_wconf 89' lang='lat' dir='ltr'>Ionicis</span> <span class='ocrx_word' id='word_1_137' title='bbox 2109 1961 2434 2028; x_wconf 89' lang='lat' dir='ltr'>Doricisve</span> <span class='ocrx_word' id='word_1_138' title='bbox 2481 1956 2684 2046; x_wconf 84' lang='grc' dir='ltr'><strong><em>Ἡρα-</em></strong></span> 
     </span>
     <span class='ocr_line' id='line_1_17' title="bbox 447 2063 2689 2147; baseline 0 -17"><span class='ocrx_word' id='word_1_139' title='bbox 447 2066 663 2145; x_wconf 73' lang='grc' dir='ltr'><strong><em>κλεῦς,</em></strong></span> <span class='ocrx_word' id='word_1_140' title='bbox 712 2070 1110 2144; x_wconf 80' lang='grc' dir='ltr'><strong><em>Σωσικλεῦς,</em></strong></span> <span class='ocrx_word' id='word_1_141' title='bbox 1179 2085 1236 2130; x_wconf 84' lang='lat' dir='ltr'>v.</span> <span class='ocrx_word' id='word_1_142' title='bbox 1281 2063 1442 2130; x_wconf 82' lang='lat' dir='ltr'>Keil.</span> <span class='ocrx_word' id='word_1_143' title='bbox 1502 2065 1706 2131; x_wconf 81' lang='lat' dir='ltr'>Anall.</span> <span class='ocrx_word' id='word_1_144' title='bbox 1754 2065 1855 2132; x_wconf 82' lang='grc'>78.</span> <span class='ocrx_word' id='word_1_145' title='bbox 1904 2104 1976 2113; x_wconf 88' lang='lat'>--</span> <span class='ocrx_word' id='word_1_146' title='bbox 2027 2064 2514 2147; x_wconf 85' lang='lat' dir='ltr'>Participiorum</span> <span class='ocrx_word' id='word_1_147' title='bbox 2558 2063 2689 2130; x_wconf 90' lang='grc' dir='ltr'>ΗΟ·</span> 
     </span>
     <span class='ocr_line' id='line_1_18' title="bbox 445 2164 2690 2252; baseline -0.001 -18"><span class='ocrx_word' id='word_1_148' title='bbox 445 2170 823 2234; x_wconf 86' lang='lat' dir='ltr'>mericorum</span> <span class='ocrx_word' id='word_1_149' title='bbox 862 2164 1314 2252; x_wconf 75' lang='grc' dir='ltr'><strong><em>μαχεούμενος</em></strong></span> <span class='ocrx_word' id='word_1_150' title='bbox 1357 2171 1424 2232; x_wconf 88' lang='lat' dir='ltr'>et</span> <span class='ocrx_word' id='word_1_151' title='bbox 1465 2166 1904 2252; x_wconf 83' lang='grc' dir='ltr'><strong><em>μαχειόμενος</em></strong></span> <span class='ocrx_word' id='word_1_152' title='bbox 1948 2168 2219 2234; x_wconf 85' lang='lat' dir='ltr'>alterum</span> <span class='ocrx_word' id='word_1_153' title='bbox 2263 2167 2690 2250; x_wconf 83' lang='lat' dir='ltr'>grammaticis</span> 
     </span>
     <span class='ocr_line' id='line_1_19' title="bbox 446 2268 2689 2354; baseline -0 -17"><span class='ocrx_word' id='word_1_154' title='bbox 446 2272 834 2338; x_wconf 83' lang='lat' dir='ltr'>occasionem</span> <span class='ocrx_word' id='word_1_155' title='bbox 876 2271 1171 2354; x_wconf 88' lang='lat' dir='ltr'>praebuit</span> <span class='ocrx_word' id='word_1_156' title='bbox 1214 2268 1607 2351; x_wconf 88' lang='lat' dir='ltr'>effingendae</span> <span class='ocrx_word' id='word_1_157' title='bbox 1653 2273 1958 2338; x_wconf 87' lang='lat' dir='ltr'>diaeresis</span> <span class='ocrx_word' id='word_1_158' title='bbox 1972 2323 1987 2353; x_wconf 82' lang='grc'><em>,</em></span> <span class='ocrx_word' id='word_1_159' title='bbox 2054 2292 2111 2338; x_wconf 93' lang='lat' dir='ltr'>v.</span> <span class='ocrx_word' id='word_1_160' title='bbox 2156 2272 2422 2337; x_wconf 91' lang='lat' dir='ltr'>Elemm.</span> <span class='ocrx_word' id='word_1_161' title='bbox 2466 2270 2500 2336; x_wconf 96' lang='lat' dir='ltr'><strong>I</strong></span> <span class='ocrx_word' id='word_1_162' title='bbox 2544 2268 2689 2351; x_wconf 83' lang='grc'>428,</span> 
     </span>
     <span class='ocr_line' id='line_1_20' title="bbox 450 2371 2684 2458; baseline -0.001 -17"><span class='ocrx_word' id='word_1_163' title='bbox 450 2377 564 2441; x_wconf 91' lang='lat' dir='ltr'>sed</span> <span class='ocrx_word' id='word_1_164' title='bbox 607 2382 945 2457; x_wconf 90' lang='lat' dir='ltr'>utrumque</span> <span class='ocrx_word' id='word_1_165' title='bbox 970 2395 1008 2440; x_wconf 88' lang='lat' dir='ltr'>a</span> <span class='ocrx_word' id='word_1_166' title='bbox 1028 2374 1359 2458; x_wconf 83' lang='grc' dir='ltr'><strong><em>μαχέομαι</em></strong></span> <span class='ocrx_word' id='word_1_167' title='bbox 1384 2371 1734 2455; x_wconf 88' lang='lat' dir='ltr'>profectum</span> <span class='ocrx_word' id='word_1_168' title='bbox 1766 2394 1908 2441; x_wconf 88' lang='lat' dir='ltr'>cum</span> <span class='ocrx_word' id='word_1_169' title='bbox 1927 2375 2267 2441; x_wconf 86' lang='lat' dir='ltr'>metathesi</span> <span class='ocrx_word' id='word_1_170' title='bbox 2311 2373 2684 2457; x_wconf 88' lang='lat' dir='ltr'>quantitatis</span> 
     </span>
     <span class='ocr_line' id='line_1_21' title="bbox 448 2477 2690 2565; baseline -0.002 -20"><span class='ocrx_word' id='word_1_171' title='bbox 448 2479 535 2565; x_wconf 91' lang='lat' dir='ltr'>[p.</span> <span class='ocrx_word' id='word_1_172' title='bbox 583 2478 754 2565; x_wconf 86' lang='lat'>536],</span> <span class='ocrx_word' id='word_1_173' title='bbox 802 2483 868 2542; x_wconf 89' lang='lat' dir='ltr'>et</span> <span class='ocrx_word' id='word_1_174' title='bbox 888 2478 1012 2542; x_wconf 89' lang='lat' dir='ltr'>huc</span> <span class='ocrx_word' id='word_1_175' title='bbox 1052 2477 1257 2542; x_wconf 90' lang='lat' dir='ltr'>tendit</span> <span class='ocrx_word' id='word_1_176' title='bbox 1280 2478 1472 2542; x_wconf 88' lang='lat' dir='ltr'>etiam</span> <span class='ocrx_word' id='word_1_177' title='bbox 1518 2478 1882 2547; x_wconf 85' lang='lat' dir='ltr'>vicissitudo</span> <span class='ocrx_word' id='word_1_178' title='bbox 1907 2481 2358 2547; x_wconf 89' lang='lat' dir='ltr'>adiectivorum</span> <span class='ocrx_word' id='word_1_179' title='bbox 2376 2483 2690 2564; x_wconf 76' lang='grc' dir='ltr'><strong><em>χυτρεοῦν</em></strong></span> 
     </span>
     <span class='ocr_line' id='line_1_22' title="bbox 446 2581 2687 2671; baseline -0.002 -22"><span class='ocrx_word' id='word_1_180' title='bbox 446 2590 513 2649; x_wconf 91' lang='lat' dir='ltr'>et</span> <span class='ocrx_word' id='word_1_181' title='bbox 577 2585 960 2671; x_wconf 78' lang='grc' dir='ltr'><strong><em>κεραμεοῦν,</em></strong></span> <span class='ocrx_word' id='word_1_182' title='bbox 1031 2598 1192 2663; x_wconf 89' lang='lat' dir='ltr'>quae</span> <span class='ocrx_word' id='word_1_183' title='bbox 1258 2581 1577 2646; x_wconf 88' lang='lat' dir='ltr'>Planudes</span> <span class='ocrx_word' id='word_1_184' title='bbox 1645 2601 1905 2665; x_wconf 88' lang='lat' dir='ltr'>gramm.</span> <span class='ocrx_word' id='word_1_185' title='bbox 1960 2604 2021 2667; x_wconf 90' lang='lat' dir='ltr'>p.</span> <span class='ocrx_word' id='word_1_186' title='bbox 2068 2583 2150 2649; x_wconf 89' lang='lat'>36</span> <span class='ocrx_word' id='word_1_187' title='bbox 2193 2584 2260 2648; x_wconf 92' lang='lat' dir='ltr'>in</span> <span class='ocrx_word' id='word_1_188' title='bbox 2303 2581 2687 2647; x_wconf 87' lang='lat' dir='ltr'>Bachmann.</span> 
     </span>
     <span class='ocr_line' id='line_1_23' title="bbox 445 2681 2693 2773; baseline -0.001 -22"><span class='ocrx_word' id='word_1_189' title='bbox 445 2686 679 2753; x_wconf 83' lang='lat' dir='ltr'>Anecd.</span> <span class='ocrx_word' id='word_1_190' title='bbox 726 2685 794 2750; x_wconf 88' lang='lat' dir='ltr'>T.</span> <span class='ocrx_word' id='word_1_191' title='bbox 840 2685 905 2749; x_wconf 87' lang='lat'>11</span> <span class='ocrx_word' id='word_1_192' title='bbox 950 2684 1270 2765; x_wconf 84' lang='lat' dir='ltr'>coniungit</span> <span class='ocrx_word' id='word_1_193' title='bbox 1331 2687 1519 2751; x_wconf 80' lang='grc' dir='ltr'><strong><em>δοκεῖ</em></strong></span> <span class='ocrx_word' id='word_1_194' title='bbox 1571 2684 1646 2752; x_wconf 76' lang='grc' dir='ltr'>δὲ</span> <span class='ocrx_word' id='word_1_195' title='bbox 1689 2687 1797 2752; x_wconf 79' lang='grc' dir='ltr'><strong><em>καὶ</em></strong></span> <span class='ocrx_word' id='word_1_196' title='bbox 1842 2686 1913 2753; x_wconf 82' lang='grc' dir='ltr'>τὸ</span> <span class='ocrx_word' id='word_1_197' title='bbox 1962 2689 2415 2773; x_wconf 80' lang='grc' dir='ltr'><strong><em>κεραμεοῦν</em></strong></span> <span class='ocrx_word' id='word_1_198' title='bbox 2460 2681 2531 2752; x_wconf 79' lang='grc' dir='ltr'>ἐκ</span> <span class='ocrx_word' id='word_1_199' title='bbox 2575 2689 2693 2750; x_wconf 75' lang='grc' dir='ltr'><strong><em>τοῦ</em></strong></span> 
     </span>
     <span class='ocr_line' id='line_1_24' title="bbox 446 2783 2691 2878; baseline -0.001 -23"><span class='ocrx_word' id='word_1_200' title='bbox 446 2785 873 2873; x_wconf 80' lang='grc' dir='ltr'><strong><em>κεράμειον</em></strong></span> <span class='ocrx_word' id='word_1_201' title='bbox 940 2783 1318 2873; x_wconf 79' lang='grc' dir='ltr'><strong><em>γιγνόμενον</em></strong></span> <span class='ocrx_word' id='word_1_202' title='bbox 1384 2787 1492 2854; x_wconf 81' lang='grc' dir='ltr'><strong><em>καὶ</em></strong></span> <span class='ocrx_word' id='word_1_203' title='bbox 1551 2787 1668 2875; x_wconf 82' lang='grc' dir='ltr'><strong><em>τὴν</em></strong></span> <span class='ocrx_word' id='word_1_204' title='bbox 1711 2793 1828 2877; x_wconf 84' lang='grc' dir='ltr'>τῆς</span> <span class='ocrx_word' id='word_1_205' title='bbox 1874 2785 2383 2878; x_wconf 79' lang='grc' dir='ltr'><strong><em>παραληγούσης</em></strong></span> <span class='ocrx_word' id='word_1_206' title='bbox 2428 2787 2691 2854; x_wconf 82' lang='grc' dir='ltr'><strong><em>ἔκτασιν</em></strong></span> 
     </span>
     <span class='ocr_line' id='line_1_25' title="bbox 445 2887 2692 2982; baseline -0.002 -23"><span class='ocrx_word' id='word_1_207' title='bbox 445 2889 560 2959; x_wconf 72' lang='grc' dir='ltr'>ἐπὶ</span> <span class='ocrx_word' id='word_1_208' title='bbox 604 2892 721 2980; x_wconf 80' lang='grc' dir='ltr'><strong><em>τὴν</em></strong></span> <span class='ocrx_word' id='word_1_209' title='bbox 765 2887 1094 2977; x_wconf 81' lang='grc' dir='ltr'><strong><em>λήγουσαν</em></strong></span> <span class='ocrx_word' id='word_1_210' title='bbox 1136 2891 1518 2973; x_wconf 73' lang='grc' dir='ltr'><strong><em>μετατιθὲν,</em></strong></span> <span class='ocrx_word' id='word_1_211' title='bbox 1566 2890 1680 2978; x_wconf 85' lang='grc' dir='ltr'><strong><em>τὴν</em></strong></span> <span class='ocrx_word' id='word_1_212' title='bbox 1727 2892 1801 2960; x_wconf 80' lang='grc' dir='ltr'>δὲ</span> <span class='ocrx_word' id='word_1_213' title='bbox 1845 2895 1959 2979; x_wconf 80' lang='grc' dir='ltr'>τῆς</span> <span class='ocrx_word' id='word_1_214' title='bbox 1995 2888 2322 2982; x_wconf 78' lang='grc' dir='ltr'><strong><em>ληγούσης</em></strong></span> <span class='ocrx_word' id='word_1_215' title='bbox 2368 2891 2692 2979; x_wconf 78' lang='grc' dir='ltr'><strong><em>συστολὴν</em></strong></span> 
     </span>
     <span class='ocr_line' id='line_1_26' title="bbox 446 2988 2197 3082; baseline -0.001 -21"><span class='ocrx_word' id='word_1_216' title='bbox 446 2993 561 3061; x_wconf 82' lang='grc' dir='ltr'><strong><em>ε’πὶ</em></strong></span> <span class='ocrx_word' id='word_1_217' title='bbox 606 2994 721 3082; x_wconf 84' lang='grc' dir='ltr'><strong><em>τὴν</em></strong></span> <span class='ocrx_word' id='word_1_218' title='bbox 767 2991 1283 3080; x_wconf 80' lang='grc' dir='ltr'><strong><em>παραλήγουσαν</em></strong></span> <span class='ocrx_word' id='word_1_219' title='bbox 1328 2988 1668 3079; x_wconf 80' lang='grc' dir='ltr'><strong><em>ἆναφέρον</em></strong></span> <span class='ocrx_word' id='word_1_220' title='bbox 1713 2993 1915 3079; x_wconf 86' lang='lat' dir='ltr'>[Tom.</span> <span class='ocrx_word' id='word_1_221' title='bbox 1946 2994 1980 3059; x_wconf 94' lang='lat' dir='ltr'><strong>I</strong></span> <span class='ocrx_word' id='word_1_222' title='bbox 2023 2991 2197 3080; x_wconf 88' lang='grc'>519].</span> 
     </span>
    </p>

    <p class='ocr_par' dir='ltr' id='par_1_5' title="bbox 442 3096 2689 3802">
     <span class='ocr_line' id='line_1_27' title="bbox 620 3096 2686 3183; baseline 0.001 -22"><span class='ocrx_word' id='word_1_223' title='bbox 620 3096 844 3162; x_wconf 86' lang='lat' dir='ltr'>Crasin</span> <span class='ocrx_word' id='word_1_224' title='bbox 884 3097 1215 3161; x_wconf 90' lang='lat' dir='ltr'>literarum</span> <span class='ocrx_word' id='word_1_225' title='bbox 1257 3099 1286 3167; x_wconf 75' lang='grc' dir='ltr'>ἒ</span> <span class='ocrx_word' id='word_1_226' title='bbox 1327 3100 1394 3160; x_wconf 90' lang='lat' dir='ltr'>et</span> <span class='ocrx_word' id='word_1_227' title='bbox 1434 3100 1488 3183; x_wconf 70' lang='grc' dir='ltr'>’ᾦ</span> <span class='ocrx_word' id='word_1_228' title='bbox 1526 3097 1832 3163; x_wconf 87' lang='lat' dir='ltr'>incertam</span> <span class='ocrx_word' id='word_1_229' title='bbox 1875 3098 2087 3164; x_wconf 89' lang='lat' dir='ltr'>reddit</span> <span class='ocrx_word' id='word_1_230' title='bbox 2128 3099 2533 3180; x_wconf 87' lang='lat' dir='ltr'>pleonasmus</span> <span class='ocrx_word' id='word_1_231' title='bbox 2577 3115 2686 3163; x_wconf 88' lang='lat' dir='ltr'>vo-</span> 
     </span>
     <span class='ocr_line' id='line_1_28' title="bbox 445 3193 2685 3289; baseline -0.001 -22"><span class='ocrx_word' id='word_1_232' title='bbox 445 3200 597 3267; x_wconf 79' lang='lat' dir='ltr'>calis</span> <span class='ocrx_word' id='word_1_233' title='bbox 640 3200 887 3282; x_wconf 77' lang='lat' dir='ltr'>prioris,</span> <span class='ocrx_word' id='word_1_234' title='bbox 975 3198 1299 3265; x_wconf 83' lang='lat' dir='ltr'>Poeticum</span> <span class='ocrx_word' id='word_1_235' title='bbox 1343 3193 1642 3287; x_wconf 78' lang='grc' dir='ltr'><strong><em>ἆνῷγμαι</em></strong></span> <span class='ocrx_word' id='word_1_236' title='bbox 1673 3220 1798 3266; x_wconf 86' lang='lat' dir='ltr'>non</span> <span class='ocrx_word' id='word_1_237' title='bbox 1821 3219 1900 3266; x_wconf 86' lang='lat' dir='ltr'>ex</span> <span class='ocrx_word' id='word_1_238' title='bbox 1925 3197 2249 3289; x_wconf 79' lang='grc' dir='ltr'><strong><em>ἆνέῳγμαι</em></strong></span> <span class='ocrx_word' id='word_1_239' title='bbox 2276 3205 2685 3281; x_wconf 79' lang='lat' dir='ltr'>contractum,</span> 
     </span>
     <span class='ocr_line' id='line_1_29' title="bbox 447 3300 2688 3389; baseline 0 -20"><span class='ocrx_word' id='word_1_240' title='bbox 447 3305 560 3370; x_wconf 89' lang='lat' dir='ltr'>sed</span> <span class='ocrx_word' id='word_1_241' title='bbox 605 3304 684 3368; x_wconf 89' lang='lat' dir='ltr'>ab</span> <span class='ocrx_word' id='word_1_242' title='bbox 748 3300 904 3389; x_wconf 80' lang='grc' dir='ltr'><strong><em>οἷ’γω</em></strong></span> <span class='ocrx_word' id='word_1_243' title='bbox 973 3302 1357 3367; x_wconf 87' lang='lat' dir='ltr'>declinatum</span> <span class='ocrx_word' id='word_1_244' title='bbox 1421 3307 1522 3367; x_wconf 91' lang='lat' dir='ltr'>est</span> <span class='ocrx_word' id='word_1_245' title='bbox 1576 3308 1913 3386; x_wconf 87' lang='lat' dir='ltr'>augmento</span> <span class='ocrx_word' id='word_1_246' title='bbox 1959 3305 2243 3387; x_wconf 90' lang='lat' dir='ltr'>simplici.</span> <span class='ocrx_word' id='word_1_247' title='bbox 2363 3302 2688 3369; x_wconf 85' lang='lat' dir='ltr'>Gravioris</span> 
     </span>
     <span class='ocr_line' id='line_1_30' title="bbox 442 3394 2689 3492; baseline -0.001 -19"><span class='ocrx_word' id='word_1_248' title='bbox 442 3394 747 3473; x_wconf 80' lang='lat' dir='ltr'>momenti</span> <span class='ocrx_word' id='word_1_249' title='bbox 809 3410 909 3471; x_wconf 88' lang='lat' dir='ltr'>est</span> <span class='ocrx_word' id='word_1_250' title='bbox 973 3404 1314 3492; x_wconf 80' lang='grc' dir='ltr'><strong><em>μεμνέῳτο</em></strong></span> <span class='ocrx_word' id='word_1_251' title='bbox 1381 3404 1454 3471; x_wconf 95' lang='lat' dir='ltr'>Il.</span> <span class='ocrx_word' id='word_1_252' title='bbox 1500 3406 1722 3472; x_wconf 90' lang='lat' dir='ltr'><strong>XXIII</strong></span> <span class='ocrx_word' id='word_1_253' title='bbox 1778 3405 1897 3472; x_wconf 88' lang='lat'>361</span> <span class='ocrx_word' id='word_1_254' title='bbox 1970 3412 2547 3489; x_wconf 86' lang='lat' dir='ltr'>proparoxytonon‚</span> <span class='ocrx_word' id='word_1_255' title='bbox 2614 3410 2689 3471; x_wconf 88' lang='lat' dir='ltr'>ut</span> 
     </span>
     <span class='ocr_line' id='line_1_31' title="bbox 442 3507 2689 3593; baseline 0 -18"><span class='ocrx_word' id='word_1_256' title='bbox 442 3510 844 3576; x_wconf 89' lang='lat' dir='ltr'>Herodianus</span> <span class='ocrx_word' id='word_1_257' title='bbox 910 3507 1114 3588; x_wconf 88' lang='lat' dir='ltr'>iubet,</span> <span class='ocrx_word' id='word_1_258' title='bbox 1179 3514 1246 3573; x_wconf 92' lang='lat' dir='ltr'>et</span> <span class='ocrx_word' id='word_1_259' title='bbox 1310 3527 1453 3574; x_wconf 90' lang='lat' dir='ltr'>cum</span> <span class='ocrx_word' id='word_1_260' title='bbox 1500 3510 1537 3593; x_wconf 67' lang='grc' dir='ltr'><strong>ζ</strong></span> <span class='ocrx_word' id='word_1_261' title='bbox 1596 3511 1676 3576; x_wconf 92' lang='lat' dir='ltr'>de</span> <span class='ocrx_word' id='word_1_262' title='bbox 1720 3530 1842 3593; x_wconf 90' lang='lat' dir='ltr'>quo</span> <span class='ocrx_word' id='word_1_263' title='bbox 1906 3510 2014 3575; x_wconf 92' lang='lat' dir='ltr'>ille</span> <span class='ocrx_word' id='word_1_264' title='bbox 2057 3510 2151 3576; x_wconf 91' lang='lat' dir='ltr'>ita</span> <span class='ocrx_word' id='word_1_265' title='bbox 2190 3509 2470 3593; x_wconf 88' lang='lat' dir='ltr'>loquitur</span> <span class='ocrx_word' id='word_1_266' title='bbox 2514 3527 2589 3575; x_wconf 87' lang='lat' dir='ltr'>ac</span> <span class='ocrx_word' id='word_1_267' title='bbox 2615 3510 2689 3575; x_wconf 88' lang='lat' dir='ltr'>-si</span> 
     </span>
     <span class='ocr_line' id='line_1_32' title="bbox 443 3608 2688 3703; baseline -0 -24"><span class='ocrx_word' id='word_1_268' title='bbox 443 3632 483 3679; x_wconf 90' lang='lat' dir='ltr'>a</span> <span class='ocrx_word' id='word_1_269' title='bbox 523 3612 839 3678; x_wconf 92' lang='lat' dir='ltr'>nonnullis</span> <span class='ocrx_word' id='word_1_270' title='bbox 884 3611 1188 3675; x_wconf 88' lang='lat' dir='ltr'>omissum</span> <span class='ocrx_word' id='word_1_271' title='bbox 1230 3617 1431 3678; x_wconf 86' lang='lat' dir='ltr'>esset:</span> <span class='ocrx_word' id='word_1_272' title='bbox 1480 3608 1809 3703; x_wconf 81' lang='grc' dir='ltr'><strong><em>γράφεται</em></strong></span> <span class='ocrx_word' id='word_1_273' title='bbox 1842 3613 1919 3681; x_wconf 75' lang='grc' dir='ltr'>δὲ</span> <span class='ocrx_word' id='word_1_274' title='bbox 1963 3612 2073 3680; x_wconf 86' lang='grc' dir='ltr'><strong><em>καὶ</em></strong></span> <span class='ocrx_word' id='word_1_275' title='bbox 2119 3613 2235 3680; x_wconf 70' lang='grc' dir='ltr'><strong><em>σὺν</em></strong></span> <span class='ocrx_word' id='word_1_276' title='bbox 2281 3617 2375 3701; x_wconf 78' lang='grc' dir='ltr'>τῷ</span> <span class='ocrx_word' id='word_1_277' title='bbox 2418 3615 2467 3684; x_wconf 78' lang='grc' dir='ltr'>ἶ·</span> <span class='ocrx_word' id='word_1_278' title='bbox 2510 3609 2688 3678; x_wconf 68' lang='grc' dir='ltr'><strong><em>οὕτω</em></strong></span> 
     </span>
     <span class='ocr_line' id='line_1_33' title="bbox 443 3708 2687 3802; baseline 0.001 -22"><span class='ocrx_word' id='word_1_279' title='bbox 443 3715 556 3783; x_wconf 80' lang='grc' dir='ltr'><strong><em>καὶ</em></strong></span> <span class='ocrx_word' id='word_1_280' title='bbox 601 3710 636 3781; x_wconf 81' lang='grc' dir='ltr'><em>ὃ</em></span> <span class='ocrx_word' id='word_1_281' title='bbox 675 3709 1164 3802; x_wconf 71' lang='grc' dir='ltr'><strong><em>Ἀσκαλωνίτης</em></strong></span> <span class='ocrx_word' id='word_1_282' title='bbox 1209 3713 1280 3781; x_wconf 76' lang='grc' dir='ltr'>ἐκ</span> <span class='ocrx_word' id='word_1_283' title='bbox 1326 3719 1447 3781; x_wconf 75' lang='grc' dir='ltr'><strong><em>τοῦ</em></strong></span> <span class='ocrx_word' id='word_1_284' title='bbox 1490 3716 1935 3800; x_wconf 77' lang='grc' dir='ltr'><strong><em>μεμνέοιτο</em></strong></span> <span class='ocrx_word' id='word_1_285' title='bbox 1984 3713 2147 3783; x_wconf 72' lang='grc' dir='ltr'><strong><em>αὐτὸ</em></strong></span> <span class='ocrx_word' id='word_1_286' title='bbox 2195 3708 2365 3784; x_wconf 83' lang='grc' dir='ltr'><strong><em>εἶναι</em></strong></span> <span class='ocrx_word' id='word_1_287' title='bbox 2409 3712 2687 3801; x_wconf 75' lang='grc' dir='ltr'><strong><em>ἢγοῦμε·</em></strong></span> 
     </span>
    </p>
   </div>
   <div class='ocr_carea' id='block_1_5' title="bbox 443 3855 750 3865">
    <p class='ocr_par' dir='ltr' id='par_1_6' title="bbox 443 3855 750 3865">
     <span class='ocr_line' id='line_1_34' title="bbox 443 3855 750 3865; baseline 0 1063"><span class='ocrx_word' id='word_1_288' title='bbox 443 3855 750 3865; x_wconf 95' lang='lat' dir='ltr'> </span> 
     </span>
    </p>
   </div>
   <div class='ocr_carea' id='block_1_6' title="bbox 753 3855 958 3865">
    <p class='ocr_par' dir='ltr' id='par_1_7' title="bbox 753 3855 958 3865">
     <span class='ocr_line' id='line_1_35' title="bbox 753 3855 958 3865; baseline 0 1063"><span class='ocrx_word' id='word_1_289' title='bbox 753 3855 958 3865; x_wconf 95' lang='lat' dir='ltr'> </span> 
     </span>
    </p>
   </div>
   <div class='ocr_carea' id='block_1_7' title="bbox 430 3922 2689 4422">
    <p class='ocr_par' dir='ltr' id='par_1_8' title="bbox 430 3922 2689 4422">
     <span class='ocr_line' id='line_1_36' title="bbox 580 3922 2688 3996; baseline 0 -20"><span class='ocrx_word' id='word_1_290' title='bbox 580 3922 639 3988; x_wconf 66' lang='lat'>²⁸)</span> <span class='ocrx_word' id='word_1_291' title='bbox 679 3924 751 3976; x_wconf 76' lang='grc' dir='ltr'>Ιπ</span> <span class='ocrx_word' id='word_1_292' title='bbox 800 3922 980 3990; x_wconf 74' lang='lat' dir='ltr'>infima</span> <span class='ocrx_word' id='word_1_293' title='bbox 1020 3939 1148 3990; x_wconf 74' lang='lat' dir='ltr'>paq.</span> <span class='ocrx_word' id='word_1_294' title='bbox 1183 3922 1447 3991; x_wconf 63' lang='lat' dir='ltr'>aulaea-ipa.-</span> <span class='ocrx_word' id='word_1_295' title='bbox 1505 3924 1796 3988; x_wconf 63' lang='grc' dir='ltr'><strong><em>»ποθεῦσα</em></strong></span> <span class='ocrx_word' id='word_1_296' title='bbox 1846 3925 1950 3980; x_wconf 79' lang='lat' dir='ltr'>od.</span> <span class='ocrx_word' id='word_1_297' title='bbox 1984 3923 2112 3976; x_wconf 83' lang='lat' dir='ltr'>XIX</span> <span class='ocrx_word' id='word_1_298' title='bbox 2149 3922 2286 3979; x_wconf 81' lang='grc'><strong>136“</strong></span> <span class='ocrx_word' id='word_1_299' title='bbox 2339 3932 2398 3977; x_wconf 76' lang='lat' dir='ltr'>ut</span> <span class='ocrx_word' id='word_1_300' title='bbox 2431 3927 2688 3996; x_wconf 60' lang='lat' dir='ltr'>,fortasse</span> 
     </span>
     <span class='ocr_line' id='line_1_37' title="bbox 441 4007 2687 4082; baseline 0.001 -20"><span class='ocrx_word' id='word_1_301' title='bbox 441 4007 768 4062; x_wconf 77' lang='lat' dir='ltr'>addendum“</span> <span class='ocrx_word' id='word_1_302' title='bbox 806 4010 1001 4075; x_wconf 62' lang='lat' dir='ltr'>opv&#39;mor.</span> <span class='ocrx_word' id='word_1_303' title='bbox 1071 4008 1393 4063; x_wconf 76' lang='lat' dir='ltr'>Addendum</span> <span class='ocrx_word' id='word_1_304' title='bbox 1416 4020 1586 4063; x_wconf 72' lang='lat' dir='ltr'>autem</span> <span class='ocrx_word' id='word_1_305' title='bbox 1620 4020 1733 4063; x_wconf 77' lang='lat' dir='ltr'>erat</span> <span class='ocrx_word' id='word_1_306' title='bbox 1764 4011 1911 4063; x_wconf 74' lang='lat' dir='ltr'>illam</span> <span class='ocrx_word' id='word_1_307' title='bbox 1943 4011 2265 4082; x_wconf 51' lang='lat' dir='ltr'>semipuerum,</span> <span class='ocrx_word' id='word_1_308' title='bbox 2312 4008 2550 4078; x_wconf 77' lang='grc' dir='ltr'><strong><em>Ὀδυσῆα</em></strong></span> <span class='ocrx_word' id='word_1_309' title='bbox 2586 4028 2687 4064; x_wconf 85' lang='grc' dir='ltr'><strong><em>πο-</em></strong></span> 
     </span>
     <span class='ocr_line' id='line_1_38' title="bbox 441 4094 2688 4159; baseline 0 -12"><span class='ocrx_word' id='word_1_310' title='bbox 441 4097 645 4159; x_wconf 76' lang='grc' dir='ltr'><strong><em>θεῦσα,</em></strong></span> <span class='ocrx_word' id='word_1_311' title='bbox 697 4095 894 4147; x_wconf 78' lang='lat' dir='ltr'>dudum</span> <span class='ocrx_word' id='word_1_312' title='bbox 943 4094 1144 4147; x_wconf 67' lang='lat' dir='ltr'>cessisse</span> <span class='ocrx_word' id='word_1_313' title='bbox 1194 4097 1556 4149; x_wconf 72' lang='lat' dir='ltr'>Am&#39;starcheae</span> <span class='ocrx_word' id='word_1_314' title='bbox 1602 4095 1801 4150; x_wconf 73' lang='grc' dir='ltr'><strong><em>Ὀδυσῗ</em></strong></span> <span class='ocrx_word' id='word_1_315' title='bbox 1855 4098 2160 4150; x_wconf 77' lang='grc' dir='ltr'><strong><em>ποθέουσα.</em></strong></span> <span class='ocrx_word' id='word_1_316' title='bbox 2229 4097 2503 4149; x_wconf 75' lang='lat' dir='ltr'>Homerica</span> <span class='ocrx_word' id='word_1_317' title='bbox 2554 4097 2688 4149; x_wconf 73' lang='lat' dir='ltr'>enim</span> 
     </span>
     <span class='ocr_line' id='line_1_39' title="bbox 440 4180 2689 4251; baseline -0 -16"><span class='ocrx_word' id='word_1_318' title='bbox 440 4184 673 4249; x_wconf 76' lang='lat' dir='ltr'>exempla</span> <span class='ocrx_word' id='word_1_319' title='bbox 705 4182 869 4233; x_wconf 71' lang='lat' dir='ltr'>nescio</span> <span class='ocrx_word' id='word_1_320' title='bbox 914 4200 987 4234; x_wconf 77' lang='grc' dir='ltr'><strong><em>απ</em></strong></span> <span class='ocrx_word' id='word_1_321' title='bbox 1019 4183 1230 4251; x_wconf 71' lang='lat' dir='ltr'>diynum</span> <span class='ocrx_word' id='word_1_322' title='bbox 1264 4181 1622 4238; x_wconf 70' lang='lat' dir='ltr'>existimaverit</span> <span class='ocrx_word' id='word_1_323' title='bbox 1655 4200 1957 4237; x_wconf 77' lang='lat' dir='ltr'>enumerare</span> <span class='ocrx_word' id='word_1_324' title='bbox 1991 4183 2178 4247; x_wconf 74' lang='lat' dir='ltr'>omnia,</span> <span class='ocrx_word' id='word_1_325' title='bbox 2213 4182 2345 4250; x_wconf 78' lang='lat' dir='ltr'>q‘uae</span> <span class='ocrx_word' id='word_1_326' title='bbox 2377 4200 2483 4235; x_wconf 74' lang='lat' dir='ltr'>non</span> <span class='ocrx_word' id='word_1_327' title='bbox 2515 4180 2689 4249; x_wconf 73' lang='lat' dir='ltr'>reperi</span> 
     </span>
     <span class='ocr_line' id='line_1_40' title="bbox 430 4266 2685 4339; baseline 0 -19"><span class='ocrx_word' id='word_1_328' title='bbox 430 4266 599 4336; x_wconf 76' lang='lat' dir='ltr'>plura</span> <span class='ocrx_word' id='word_1_329' title='bbox 630 4284 785 4337; x_wconf 80' lang='lat' dir='ltr'>quam</span> <span class='ocrx_word' id='word_1_330' title='bbox 816 4270 1036 4321; x_wconf 78' lang='lat' dir='ltr'>duorum</span> <span class='ocrx_word' id='word_1_331' title='bbox 1082 4269 1348 4322; x_wconf 75' lang='lat' dir='ltr'>verbm-mm</span> <span class='ocrx_word' id='word_1_332' title='bbox 1385 4272 1593 4339; x_wconf 80' lang='grc' dir='ltr'><strong><em>οῙχνεῖν</em></strong></span> <span class='ocrx_word' id='word_1_333' title='bbox 1636 4285 1750 4323; x_wconf 83' lang='lat' dir='ltr'>cum</span> <span class='ocrx_word' id='word_1_334' title='bbox 1799 4285 2033 4338; x_wconf 67' lang='lat' dir='ltr'>composa.</span> <span class='ocrx_word' id='word_1_335' title='bbox 2087 4279 2133 4322; x_wconf 83' lang='lat' dir='ltr'>et</span> <span class='ocrx_word' id='word_1_336' title='bbox 2167 4276 2383 4339; x_wconf 81' lang='grc' dir='ltr'><strong><em>νεικεῖν,</em></strong></span> <span class='ocrx_word' id='word_1_337' title='bbox 2429 4269 2685 4323; x_wconf 70' lang='lat' dir='ltr'>Hesiodea</span> 
     </span>
     <span class='ocr_line' id='line_1_41' title="bbox 439 4356 1621 4422; baseline 0.003 -16"><span class='ocrx_word' id='word_1_338' title='bbox 439 4362 639 4421; x_wconf 67' lang='lat' dir='ltr'>neptem,</span> <span class='ocrx_word' id='word_1_339' title='bbox 674 4356 936 4422; x_wconf 75' lang='lat' dir='ltr'>Apollonii</span> <span class='ocrx_word' id='word_1_340' title='bbox 966 4356 1184 4420; x_wconf 75' lang='lat' dir='ltr'>nullum,</span> <span class='ocrx_word' id='word_1_341' title='bbox 1231 4357 1409 4421; x_wconf 71' lang='lat' dir='ltr'>Quinti</span> <span class='ocrx_word' id='word_1_342' title='bbox 1438 4374 1621 4410; x_wconf 76' lang='lat' dir='ltr'>unum.</span> 
     </span>
    </p>
   </div>
   <div class='ocr_carea' id='block_1_8' title="bbox 2907 3072 2917 4043">
    <p class='ocr_par' dir='ltr' id='par_1_9' title="bbox 2907 3072 2917 4043">
     <span class='ocr_line' id='line_1_42' title="bbox 2907 3072 2917 4043; baseline 0 0"><span class='ocrx_word' id='word_1_343' title='bbox 2907 3072 2917 4043; x_wconf 95' lang='lat' dir='ltr'> </span> 
     </span>
    </p>
   </div>
  </div>
 </body>
</html>
