2946 4928
420 305 549 374 312
1152 301 1710 374 DISSERTATIO
1764 303 1940 374 VIII.

414 469 681 554 caret*).
712 507 780 518 ——
812 468 1271 553 optativum
1313 487 1393 535 ne
1438 470 1769 536 credamus
1812 469 2365 552 grammaticorum
2395 469 2663 540 curiosi-

409 580 614 641 tatem
659 571 973 656 effugisse,
1018 576 1201 639 cavet
1243 572 1434 638 schol.
1479 572 1554 637 ΙΙ.
1598 572 1691 637 IX
1734 570 1858 638 393
1905 571 1980 637 τὸ
2027 575 2234 638 σοῶσι
2279 570 2666 656 Τυραννίων

416 679 718 766 περισπᾷ
764 671 853 754 ὡς
902 670 1043 742 ἀπὸ
1090 678 1209 741 τοῦ
1256 678 1413 746 σοῶ,
1461 672 1635 754 ἐπεὶ,
1683 674 1868 763 φησὶ.
1914 675 2024 741 καὶ
2069 674 2141 740 τὸ
2163 671 2456 741 εὐκτικὸν
2490 675 2661 740 κατὰ

414 775 772 865 ἀποκοπὴν
815 769 959 845 εἶπε
982 772 1151 865 Σόῳ,
1197 777 1316 844 hoc
1360 783 1461 844 est
1505 781 1697 865 σοῷ,
1744 783 1819 843 ut
1838 778 2142 844 Lehrsius
2165 778 2433 860 scripsit.
2523 777 2666 843 Hoc

411 884 606 966 igitur
649 880 756 946 ille
807 899 923 962 pro
989 878 1172 968 σοῴη
1239 881 1478 947 dictum
1533 881 1791 961 statuit,
1850 882 1964 948 sed
2026 900 2210 947 nemo
2276 878 2667 962 suffragatur

421 985 505 1070 [v.
527 1004 589 1068 p.
599 982 786 1076 ⁶276]
816 972 892 1031 -’
920 981 1312 1050 Subiunctivi
1332 983 1398 1049 in
1418 983 1539 1050 hoc
1562 989 1708 1050 actu
1729 983 1982 1050 fabulae
2006 989 2224 1066 partes
2244 984 2455 1049 nullae
2494 989 2666 1050 sunt.

1302 1238 1554 1322 Caput
1595 1237 1740 1306 VII.

659 1363 775 1438 De
828 1386 1158 1466 apocope
1211 1361 1518 1435 duarum
1578 1366 1880 1444 triumve
1933 1362 2396 1464 syllabarum.

565 1533 932 1613 ,Postquam
971 1530 1085 1596 illa
1126 1531 1206 1597 de
1250 1531 1531 1614 syllabae
1574 1528 1781 1597 finalis
1824 1531 2176 1599 ‘mobilitate
2194 1540 2203 1548 ‘
2221 1532 2429 1613 opinio
2462 1533 2665 1597 semel

415 1638 741 1704 doctorum
786 1634 1029 1699 animos
1073 1635 1373 1715 pervasit,
1419 1633 1501 1698 ab
1545 1634 1664 1698 hoc
1706 1636 1884 1701 aditu
1905 1636 2187 1702 nonnulli
2223 1635 2488 1700 ulterius
2512 1654 2661 1715 pro-

416 1740 590 1823 grssi‘
625 1738 940 1819 longiores
983 1753 1230 1818 quoque
1254 1738 1733 1803 terminationes
1757 1744 2073 1803 attentare
2097 1743 2454 1819 coeperunt.
2525 1738 2663 1815 Quo

415 1860 607 1925 quam
651 1840 777 1905 cito
822 1840 1157 1904 decursum
1202 1841 1314 1919 sit,
1381 1841 1682 1905 indicium
1723 1841 1989 1923 praebet
2037 1842 2147 1905 illa
2191 1840 2519 1906 Strabonis
2566 1842 2661 1906 di-

413 1944 655 2027 gressio
670 1992 685 2023 ,
753 1961 880 2023 qua
922 1942 1192 2023 probare
1236 1947 1528 2023 conatur,
1598 1942 1972 2025 Sophoclem
2014 1948 2078 2008 et
2121 1943 2334 2035 Ionem
2395 1941 2492 2033 ῥᾴ
2544 1964 2662 2025 pro

415 2045 671 2138 ῥᾴδιον,
719 2044 987 2109 Aratum
1034 2040 1214 2132 πηόά
1260 2064 1375 2126 pro
1423 2043 1724 2134 πηδάλια
1748 2047 2220 2127 Homerumque
2252 2047 2459 2128 ipsum
2499 2041 2662 2135 μ’ἀψ

414 2150 649 2218 dixisse
693 2167 808 2229 pro
851 2146 1244 2232 μαψιδίως,,
1290 2149 1458 2229 quod
1503 2168 1583 2215 ne
1628 2149 1963 2215 Eustathio
2018 2149 2271 2231 quidem
2313 2152 2662 2230 persuasit:

413 2251 572 2341 μάψ
618 2251 688 2319 ἐκ
734 2254 851 2315 τοῦ
894 2247 1114 2338 μάτην
1166 2250 1305 2316 187.
1351 2250 1455 2332 28,
1524 2272 1714 2334 quam
1760 2253 2108 2318 doctrinam
2154 2252 2209 2315 si
2274 2251 2353 2316 ab
2399 2252 2662 2318 Homeri

414 2354 866 2439 interpretibus
910 2353 1186 2435 antiquis
1230 2355 1723 2436 proseminatam
1769 2357 1989 2434 dicam,
2035 2354 2205 2420 haud
2247 2355 2514 2447 multum
2560 2374 2660 2420 er-

411 2479 655 2529 ravero.
741 2458 977 2525 Iisdem
1020 2458 1305 2540 vestigiis
1371 2458 1724 2541 ingreditur
1767 2459 2135 2541 Apollonius
2181 2455 2324 2523 567.
2377 2459 2454 2524 12
2520 2456 2660 2525 ἀπὸ

419 2567 528 2631 τοῦ
552 2560 788 2654 ῥᾴδιον
810 2561 979 2627 κατὰ
1011 2556 1372 2650 ἀποκοπὴν
1401 2559 1501 2651 ῥᾴ
1526 2562 1779 2646 ἐγένετο
1806 2554 1984 2627 καθὸ
2011 2562 2119 2628 καὶ
2148 2559 2220 2625 τὸ
2243 2563 2655 2646 βριθέωςμ)

411 2665 580 2754 βρί·
627 2691 733 2733 οτι
779 2665 903 2750 γὰρ
950 2661 1061 2730 καὶ
1105 2662 1226 2731 δύο
1272 2665 1619 2747 συλλαβῶν
1665 2661 2010 2730 ἀποκοπαὶ
2058 2661 2372 2748 γίνονται,
2431 2665 2497 2733 ἐν
2565 2672 2658 2754 τῷ

418 2760 572 2856 περὶ
617 2772 862 2835 παθῶν
906 2763 1198 2854 ἐδείχθη·
1246 2766 1321 2832 τὸ
1368 2767 1492 2854 γὰρ
1548 2763 1884 2852 πρόπαρ
1949 2792 2026 2831 οι
2034 2791 2158 2843 τως
2204 2766 2335 2848 ἔχει
2403 2768 2514 2834 καὶ
2581 2769 2658 2835 τὸ

414 2867 718 2956 μάκαρ,
765 2860 1013 2957 πηδά,
1062 2864 1260 2953 ἱμέιι
1308 2870 1497 2956 παρὰ
1525 2865 1950 2957 Καλλιμάχῳ.
2031 2868 2501 2951 subscriptores
2525 2873 2662 2939 eius

415 2975 699 3049 nominat
739 2972 884 3037 EM.
929 2972 1075 3037 210.
1120 2971 1203 3038 43
1248 2978 1377 3059 βρᾶ
1424 2967 1763 3055 (810)·ἀπὸ
1810 2977 1932 3037 τοῦ
1977 2967 2206 3061 ῥᾴδιον
2269 2971 2439 3039 κατὰ
2506 2999 2660 3058 συγ-

417 3071 633 3163 κοπήν
679 3075 844 3158 (Sic).
943 3071 1172 3152 Οἶῖτως
1207 3069 1621 3157 (Ηρωδιανὸς
1687 3074 1795 3141 καὶ
1840 3070 2336 3159 Χοιροβοσκός,
2406 3094 2528 3157 quo
2594 3076 2659 3140 in

413 3180 550 3245 loco
594 3174 842 3266 ῥᾳδίως
889 3175 1080 3242 scribi
1125 3182 1401 3258 oportet3
1466 3196 1615 3241 nam
1659 3177 1724 3241 in
1768 3177 2085 3242 Alcmanis
2139 3195 2327 3242 versu
2394 3176 2480 3267 ῥᾴ
2550 3179 2659 3243 ad·
2750 3214 2755 3223 ·

413 3280 701 3347 verbium
744 3283 861 3360 est,
909 3297 1184 3362 apocope
1206 3283 1420 3344 autem
1441 3281 1806 3346 merismum
1850 3299 1974 3345 non
1997 3284 2218 3344 mutat.
2305 3279 2661 3362 Utrumque

415 3390 629 3450 autem
671 3402 797 3448 non
841 3383 921 3449 de
977 3383 1100 3447 hoc
1162 3402 1289 3448 uno
1355 3383 1744 3463 disputasse,
1813 3382 1925 3447 sed
1992 3383 2201 3448 omnia
2263 3382 2374 3447 illa
2439 3384 2659 3449 eodem

416 3503 731 3568 apocopae
753 3485 938 3550 titulo
970 3485 1363 3566 complexum
1407 3503 1568 3564 esse,
1616 3484 1945 3564 dubitandi
1969 3503 2160 3549 causa
2181 3485 2370 3549 nulla.
2463 3486 2660 3551 Nobis

414 3588 533 3654 hoc
574 3588 923 3653 remedium
965 3587 1488 3652 violentissimum
1529 3587 1803 3667 videtur,
1871 3592 1938 3651 et
2002 3607 2041 3652 a
2087 3574 2368 3653 'veterum
2414 3607 2661 3670 quoque

551 3844 610 3910 ²¹³)
646 3845 812 3899 Adra}
849 3845 1001 3913 ,,φῦν
1018 3847 1261 3898 Parmen.
1285 3840 1372 3910 67,
1407 3844 1595 3899 Rhem.
1613 3843 1647 3897 5
1664 3861 1713 3898 n.
1735 3845 1785 3909 5,
1811 3845 1931 3895 fort.
1952 3841 2118 3913 «pfissv’
2145 3839 2313 3904 οὕτως
2346 3851 2409 3898 ut
2426 3843 2658 3915 ΖῆΙΙν’-

415 3925 588 3997 ώς.[υ.
615 3949 675 3999 ρ.
711 3928 816 3984 273
852 3929 1007 3995 (302)
1044 3939 1090 3983 et
1124 3929 1226 3984 333
1260 3948 1314 3983 τι.
1350 3927 1421 3996 3].
1514 3929 1629 3981 Τοῦ
1679 3928 1972 3997 μεταδοῦν’
2032 3931 2207 3983 ἐθέλει
2259 3933 2500 4000 Theogn.
2566 3931 2660 3986 104

344 4053 351 4061 ·
418 4032 517 4070 em.
571 4034 666 4085 pro
701 4044 769 4055 —
804 4015 1000 4069 δοῦναι
1038 4017 1243 4070 θέλει“.
1319 4017 1607 4084 Infinitivos
1635 4018 1966 4085 χριμφθῆν,
2002 4018 2271 4082 κλυσθῆν,
2310 4017 2416 4070 dor
2450 4037 2487 4070 a
2521 4037 2573 4071 se
2620 4036 2645 4071 c

422 4104 560 4157 Lud.
576 4107 746 4171 fratre
762 4104 1009 4172 Aeschylo
1026 4104 1279 4157 restitutos
1313 4104 1386 4156 ait
1411 4104 1475 4155 G.
1494 4104 1657 4155 Dina.
1673 4103 1729 4155 in
1754 4107 1933 4172 praef.
1951 4104 2029 4157 ed.
2051 4104 2149 4156 IV
2168 4106 2359 4158 Tenba.
2377 4123 2435 4172 p.
2456 4106 2663 4166 LXIXt

554 4204 642 4266 *ἢ
681 4206 768 4261 θὶο
800 4186 1074 4262 correctum
1105 4202 1348 4280 βριθύως
1381 4207 1439 4262 in
1489 4208 1595 4260 Vol.
1634 4207 1671 4259 1
1692 4225 1752 4276 p.
1786 4204 1886 4260 201
1925 4214 1974 4260 et
2015 4224 2179 4277 supra
2203 4225 2262 4277 1⁰·
2297 4206 2394 4264 291
2421 4226 2532 4273 ex„
2567 4211 2664 4278 cfr.

327 4324 342 4333 κ
414 4311 472 4362 p.
508 4291 609 4350 297
646 4310 727 4348 ex.

2874 275 2888 508 ἕ

2878 705 2890 938 t
