2946 4928
418 327 536 396 190
1165 323 1721 393 DISSERTATIO
1785 324 1927 391 VII.
1970 422 1975 428 ψ

407 489 783 570 κατέδειξεν
826 494 961 569 τοῖς
990 486 1278 576 ἑταίροις
1300 490 1530 557 Jambl.
1574 510 1631 557 v.
1662 489 1842 574 Pyth.
1864 487 1960 556 IX
2007 485 2086 553 16
2128 506 2189 570 p.
2239 484 2379 552 144.
2435 484 2656 551 Scatet

407 594 527 661 hoc
545 611 777 675 genere
798 592 1177 660 Plutarchus
1199 587 1830 682 Wyttenbachianus:
1857 598 2164 677 γεωργεῖν
2188 587 2439 668 ἔξεστιν
2461 584 2653 668 μάλι-

407 721 530 765 στα
562 697 662 762 An
707 715 837 762 sen.
881 714 1045 778 resp.
1071 696 1284 762 XXIV
1329 696 1452 762 795
1473 697 1548 778 Ε,
1597 692 1941 777 ἀξιώσειεν
1983 694 2075 780 μὴ
2100 694 2414 779 γενέσθαι
2442 690 2653 773 Symp.

407 800 478 865 L.
522 799 589 864 II
633 798 704 876 Q.
748 798 849 864 III
891 801 952 864 2.
1000 798 1124 866 636
1171 798 1248 880 Ι),
1317 800 1502 867 δυσὶν
1566 805 1821 884 νεκροῖς
1885 799 1965 864 de
2010 797 2168 863 Gen.
2237 795 2406 862 Socr.
2471 793 2658 860 XVII

409 901 533 969 593
578 902 651 982 B,
723 903 907 969 δυσὶν
972 906 1322 987 τροπικοῖς
1365 902 1445 967 de
1488 901 1629 968 Def.
1677 900 1858 968 Orac.
1903 899 2177 966 XXXVI
2220 896 2347 964 429
2412 897 2484 978 F,
2551 921 2655 982 ye-

408 1001 677 1092 γόνασιν
722 1003 878 1088 περὶ
924 1042 995 1053 --
1048 1006 1128 1071 de
1170 1005 1384 1071 Amor.
1427 1005 1674 1087 Prolog.
1721 1005 1819 1070 111
1862 1003 1991 1071 496
2015 1003 2083 1085 C,
2125 1005 2477 1086 βλέπουσιν
2499 1030 2656 1072 ναυ-

331 1139 340 1146 ’
408 1111 673 1186 τιῶντες
713 1107 968 1184 Praecc.
1010 1109 1167 1190 reip.
1234 1127 1362 1191 ger.
1407 1108 1476 1173 II
1544 1106 1668 1173 798
1713 1109 1790 1189 D,
1861 1105 1923 1174 οἶ
1971 1104 2280 1192 ἄρχοντες
2347 1107 2660 1193 νέμουσιν

408 1216 549 1290 τοῖς
592 1206 825 1299 δήμοις
866 1210 948 1276 ib.
992 1209 1243 1276 XXXII
1284 1210 1412 1277 824
1458 1209 1508 1275 O
1551 1210 1893 1292 multisque
1937 1210 2078 1276 aliis
2122 1210 2293 1290 lociS‚
2361 1216 2428 1276 et
2487 1212 2555 1277 in
2597 1233 2656 1278 v.

409 1315 637 1381 Anton.
681 1313 985 1381 LXXVII
1032 1312 1109 1379 19
1153 1334 1213 1396 p.
1263 1313 1343 1379 73
1392 1312 1461 1378 Τ.
1507 1313 1599 1378 IV
1641 1333 1757 1396 pro
1801 1308 2042 1402 ᾔτησεν
2090 1305 2465 1381 οινονπιεῒν
2511 1314 2655 1381 Sin-

407 1420 572 1485 tenis
617 1438 653 1486 e
696 1418 1012 1485 codicibus
1058 1417 1312 1499 scripsit
1351 1409 1594 1505 ἤτησεν
1638 1422 1816 1485 πιεῖν
1864 1409 2063 1483 οἶνον.
2151 1414 2453 1512 Defendit
2488 1417 2661 1484 hunc

407 1521 844 1605 pleonasmum
864 1521 1316 1587 Boissonadius
1363 1520 1445 1585 ad
1471 1519 1865 1586 Aristaen.1
1908 1520 2025 1601 Ep.
2072 1518 2174 1584 25.
2207 1517 2657 1599 4558111111θί-

409 1625 600 1692 derus
646 1626 729 1690 ad
772 1623 953 1690 Civit.
1000 1624 1069 1689 T.
1114 1623 1148 1688 1
1191 1621 1273 1689 46
1322 1624 1637 1690 suavitate
1702 1625 1840 1690 soni
1883 1622 2389 1689 commendatum
2452 1629 2656 1705 putat,

413 1730 527 1795 sed
569 1727 888 1811 improbat
909 1727 949 1794 J
950 1725 1239 1792 acobsius
1284 1727 1366 1792 ad
1409 1727 1633 1794 Achill.
1681 1728 1819 1793 Tat.
1863 1746 1924 1808 p.
1968 1724 2216 1791 XLIV:
2261 1725 2330 1787 in
2375 1725 2658 1790 omnibus

412 1822 588 1894 Tatii
625 1829 1003 1894 editionibus
1045 1832 1099 1901 ἶ
1138 1826 1612 1917 ἐφελκυστικόν
1657 1831 2002 1894 innumeri-9
2047 1829 2114 1892 iu
2158 1828 2316 1892 locis
2343 1841 2661 1913 comparet

411 1946 556 1998 aute
600 1955 938 1998 consonam
979 1953 1172 2016 neque
1215 1932 1415 1994 solum
1459 1934 1529 1995 iu
1564 1932 1688 2012 fine
1724 1932 1998 2018 periodi,
2046 1930 2163 1995 ced
2201 1931 2425 2017 ubique
2454 1954 2659 2017 prae·
2696 1971 2707 1978 =

410 2034 694 2100 euntibus
739 2033 1054 2099 codicibus
1118 2034 1456 2098 nonnullis.
1548 2033 1687 2098 Nos
1751 2034 1911 2099 hauc
1975 2036 2242 2116 literam,
2309 2036 2659 2120 ubicunque

411 2135 781 2217 abundaret,
828 2131 1160 2201 delevimus
1203 2159 1329 2201 uon
1351 2137 1569 2200 invitis
1593 2137 1775 2201 libris
1795 2138 2175 2219 melioribus,
2222 2140 2473 2221 quicum
2513 2156 2656 2204 sen-

410 2241 492 2307 tit
532 2240 889 2305 Ellendtius
932 2241 998 2305 in
1041 2239 1239 2322 praef.
1284 2240 1531 2306 Arrian.
1576 2240 1802 2306 XLIX
1892 2241 2167 2307 Causam
2211 2247 2425 2307 autem
2468 2241 2658 2307 huius

411 2343 614 2411 inanis
663 2342 1102 2425 complementi
1143 2343 1249 2409 ille
1293 2344 1359 2408 in
1401 2341 1599 2424 praef.
1645 2345 1728 2409 ad
1770 2343 2012 2411 Aelian.
2084 2364 2146 2426 p.
2191 2345 2414 2412 XXIII
2478 2363 2517 2409 a
2579 2344 2658 2410 li·
2700 2429 2705 2432 Α

409 2444 641 2512 brariis
683 2444 989 2513 transfert
1031 2447 1110 2512 ad
1157 2447 1533 2514 cacozeliam
1589 2448 1912 2514 rhetorum
1976 2453 2200 2530 poetas
2243 2448 2656 2514 imitantium:

414 2571 601 2633 quum
644 2549 806 2615 enim
828 2550 1216 2616 observatum
1259 2563 1437 2633 esset,
1467 2562 1699 2635 poetas
1738 2575 1862 2615 nou
1884 2551 2088 2614 colum
2130 2551 2205 2614 ob
2247 2550 2435 2614 metri
2454 2572 2659 2614 ueces-

413 2652 659 2716 ,vitatem
703 2653 952 2717 literam
987 2655 1448 2741 paraqoyicam
1471 2675 1837 2738 usurpasse,
1881 2653 1974 2717 ita
2015 2666 2085 2718 ut
2127 2677 2263 2716 eam
2305 2676 2431 2716 uon
2456 2653 2660 2725 aolum

414 2755 482 2819 in
526 2757 828 2822 clausulis
873 2768 930 2819 et
972 2756 1408 2842 interpunctis,
1437 2779 1669 2844 aeverum
1711 2756 1898 2820 etiam
1961 2757 2029 2819 iu
2096 2755 2305 2820 m’edia
2374 2756 2659 2820 oratione

415 2872 555 2923 aute
600 2871 1006 2925 consonantes
1049 2858 1411 2942 adiicerent,
1441 2858 1766 2944 pedestris
1823 2881 2062 2945 quoque
2129 2860 2434 2923 sermonis
2502 2859 2658 2923 scri-

401 2974 645 3048 ptore8‚
692 2964 750 3027 ii
770 2962 1181 3048 praesertim,
1228 2963 1345 3047 qui
1366 2964 1744 3049 qravitatem
1789 2986 1927 3028 cum
1946 2974 2265 3026 venustate
2287 2962 2659 3049 coniunyere

413 3066 656 3147 vellent,
724 3064 814 3128 ad
854 3064 1040 3128 huius
1084 3064 1392 3129 libertatis
1437 3066 1847 3141 imitationem
1887 3063 2177 3129 videntur
2223 3063 2489 3150 delapsi.
2580 3065 2660 3131 Id

415 3156 733 3235 enimiero
775 3186 1002 3251 parum
1046 3168 1336 3234 convenit
1379 3169 1463 3234 ad
1507 3170 1884 3251 epigraphas
1949 3168 2251 3250 publicas,
2320 3169 2388 3234 in
2430 3168 2661 3255 quibus

417 3269 643 3350 ἔδοξεν
687 3275 768 3359 τῇ
810 3274 1021 3358 βουλῇ
1066 3276 1134 3336 et
1178 3271 1406 3338 similia
1433 3273 1765 3354 leguntur3
1810 3273 1926 3338 has
1973 3272 2142 3337 enim
2164 3272 2274 3354 qui
2316 3270 2663 3353 confecere,

415 3373 773 3440 huiusmodi
816 3373 1232 3441 affectationis
1296 3375 1398 3440 vix
1462 3375 1815 3440 insimulari
1868 3379 2149 3455 possunt.
2241 3373 2662 3451 Quemadmo-

417 3476 567 3542 dum
610 3483 823 3544 autem
867 3496 945 3542 ex
986 3477 1087 3541 his
1131 3477 1437 3558 lapicidae
1481 3476 1693 3558 potius
1735 3476 1836 3540 vel
1882 3462 2124 3542 scrib'ae
2167 3477 2403 3558 publici
2467 3496 2662 3559 quam

415 3580 685 3644 oratoris
709 3579 906 3645 Attici
948 3597 1189 3644 morem
1212 3580 1659 3661 cognoscimuS‚
1704 3579 1797 3643 ita
1840 3597 2002 3660 quae
2046 3579 2108 3643 in
2144 3580 2463 3645 codicibus
2488 3580 2661 3645 Thu-

417 3681 674 3764 cydidi&
719 3681 1155 3764 Xenophontis
1200 3688 1294 3756 et(
1328 3682 1687 3764 aequalium
1730 3681 2130 3763 reperiuntur
2192 3682 2417 3757 literae
2462 3682 2661 3751 inter-

417 3784 673 3866 gerinae
717 3785 1005 3867 exempla
1013 3785 1061 3868 ¹)
1119 3804 1253 3879 ‘non
1296 3786 1454 3852 satis
1501 3788 1650 3850 sunt
1701 3783 1784 3849 ad
1823 3783 2213 3866 probandam
2279 3785 2661 3868 scripturam

556 4041 609 4107 l)
646 4043 1029 4111 Xenophontea
1063 4043 1278 4112 collegit
1318 4044 1717 4097 Bornemannus
1753 4043 1826 4095 ad
1862 4043 2040 4110 Symp.
2074 4040 2194 4108 234,
2232 4043 2298 4096 de
2332 4044 2663 4112 Thucydidis

423 4128 697 4182 codicibus
732 4130 860 4182 dixit
896 4132 1081 4199 Poppo
1115 4132 1282 4187 Proll.
1316 4133 1343 4184 1
1382 4131 1503 4197 445,
1539 4131 1635 4184 sed
1668 4131 1757 4182 hic
1789 4131 2094 4182 intermixtis
2129 4129 2221 4181 alii
2222 4146 2277 4195 s,
2332 4147 2468 4197 quae
2502 4133 2667 4183 inter-

416 4216 687 4281 punctioni
689 4233 715 4268 e
752 4218 992 4283 quamvis
1026 4219 1274 4272 minimae
1309 4220 1699 4271 excusationem
1733 4217 1945 4270 habent.
2025 4210 2118 4282 [Iu
2149 4215 2404 4282 Hyperia.
2441 4224 2669 4285 quatuor

419 4302 703 4354 orationum
735 4301 968 4370 reliquiae
1000 4321 1222 4372 nuperi
1200 4303 1416 4357 inventia
1449 4312 1634 4370 septem
1689 4310 1736 4354 et
1768 4300 1945 4369 viqinti
1976 4308 2095 4352 eunt
2130 4302 2361 4367 exempla
2395 4321 2469 4369 ny
2497 4321 2666 4371 para·
