2946 4928
950 296 1597 375 mooNsrANm.
1683 304 1830 396 §a
2214 265 2231 269 ’
2389 302 2517 373 355

282 465 547 554 πτῶμα,
597 467 809 555 δμώς,
835 469 1141 558 ’διιόφος,
1190 471 1607 561 ἐρίγδουπος,
1672 475 1741 537 et
1781 469 2058 538 vicissim
2102 486 2296 553 quam
2337 466 2525 535 facile

278 591 395 638 nos
420 572 720 639 Germani
765 576 1190 661 connectimus
1231 593 1539 643 consonas
1577 574 1839 649 Graecis
1881 571 2308 638 insociabiles:
2354 572 2520 653 mei,

280 672 513 739 Solmee-
558 682 624 742 et
656 677 872 769 plures
895 679 1087 753 etiam
1129 679 1197 743 in
1233 678 1581 761 synthetis:
1628 675 2126 756 Brustsckmerz‚
2171 673 2521 760 Erblcom‘q,

284 776 767 862 Herbsffm'clzte
779 828 797 862 ‚
862 772 1361 881 Αὴ93ι3οῆωεί33
1371 829 1389 863 ‚
1458 799 1622 864 quae
1688 780 1743 846 Si
1809 779 2199 845 audivissent
2273 775 2524 856 Graeci,

284 881 522 947 dictum
564 881 800 948 factum
844 874 1247 976 ablegassent
1290 874 1373 949 ad
1404 882 1617 949 Cares.
1704 882 1982 948 Maxima
2013 879 2344 961 utriusque
2388 897 2522 944 ser-

284 985 487 1050 monis
532 985 867 1050 diversitas
912 990 1178 1067 apparet
1221 986 1286 1050 in
1331 1004 1423 1066 eo,
1469 984 1639 1067 quod
1662 983 1891 1051 Graeci
1932 983 2139 1050 tribus
2161 982 2347 1048 modo
2377 999 2522 1071 con-

284 1088 457 1157 sonis
502 1088 808 1154 vocabula
852 1089 1191 1175 terminare
1234 1087 1333 1153 fas
1397 1087 1664 1168 habent,
1731 1106 1846 1153 nos
1914 1088 2153 1153 utimur
2217 1085 2523 1151 omnibus.
2568 1162 2571 1165 A

286 1188 355 1253 Si
397 1208 547 1255 vero
580 1191 894 1256 rationum
923 1191 1191 1271 illarum,
1236 1208 1395 1272 quas
1438 1191 1642 1255 nostri
1665 1189 1831 1256 docti
1875 1190 1976 1255 vel
2021 1207 2100 1256 ex
2120 1205 2525 1253 numerorum

285 1293 695 1374 dispositione
740 1293 841 1358 vel
885 1313 970 1359 ex
1003 1294 1336 1359 literarum
1379 1311 1524 1361 sese
1558 1292 2052 1374 contingentium
2074 1295 2381 1356 concentu
2423 1309 2522 1356 re-

284 1399 506 1475 petere
551 1392 772 1476 solent,
819 1396 994 1461 nulla
1036 1398 1194 1461 satis
1225 1397 1552 1478 explorata
1593 1395 1794 1460 videri
1837 1399 2087 1477 potests
2110 1412 2306 1458 unum
2348 1411 2523 1459 rece·

286 1501 469 1577 ptum
512 1497 819 1564 habemus
865 1500 980 1565 sed
1022 1500 1146 1566 non
1169 1500 1556 1565 tutissimum
1600 1497 1683 1562 ad
1728 1497 2007 1575 codices3
2053 1495 2167 1561 sed
2208 1496 2325 1561 hos
2368 1512 2522 1578 quo-

287 1617 411 1680 que
478 1618 667 1713 saepe
732 1602 1081 1667 deserimus
1145 1601 1309 1666 falsa
1372 1601 1741 1666 suadentes:
1822 1599 2164 1695 θρυλλεῒν,
2231 1592 2526 1677 ἅένναος,

289 1696 613 1783 ἇιὺττειν,
662 1701 985 1791 ἆρύῑτειι,
1033 1701 1357 1792 ἐσημηνα,
1396 1701 1802 1785 Ὀλυμπιᾶσι
1852 1705 1969 1765 etc,
2056 1699 2222 1778 Quid
2264 1699 2529 1780 scripto-

287 1823 391 1869 res
435 1806 560 1886 ipsi
603 1825 850 1889 quoque
894 1807 960 1871 in
1002 1806 1137 1872 loco
1179 1805 1524 1886 posuerint,
1570 1803 1723 1885 quid
1764 1801 2063 1882 deinceps
2108 1801 2188 1866 ab
2233 1805 2523 1881 excepto-

286 1908 483 1988 ribus,
552 1914 790 1994 postea,
819 1928 858 1974 a
900 1908 1303 1973 collatoribus
1349 1913 1415 1973 et
1459 1904 1916 1971 correctoribus
1973 1904 2254 1970 codicum
2298 1904 2523 1968 immu-

287 2017 493 2088 tatum
538 2012 640 2092 sit,
686 2012 1026 2097 multorum
1070 2011 1424 2077 seculorum
1450 2010 1807 2078 interiectu
1849 1997 2214 2073 occluditur.

2058 4351 2190 4434 23*
