2946 4928
443 335 576 418 194,
785 415 792 420 ,
916 344 950 390 '1
1194 335 1765 419 DISSERTATIo
1812 336 1967 412 VH·

434 500 611 588 βηλῇ
655 502 776 570 τοῦ
820 492 1019 568 τόνου
1060 499 1205 572 ΕΜ.
1249 500 1395 570 825.
1445 500 1547 582 18,
1590 500 2100 570 etButtmannus
2145 516 2683 585 quoquegramm.

441 603 499 688 ξ,
542 602 626 668 57
673 603 817 672 adn.
868 605 898 670 1
948 603 1173 684 eadem
1216 604 1405 672 litera
1446 623 1574 686 qua
1603 623 1949 687 pronomen
1994 601 2157 688 ἐγών
2201 607 2456 670 auctum
2500 607 2705 684 putat.

441 703 546 789 [cf.
570 704 806 774 Parall.
846 703 977 770 440
1017 726 1077 772 n.
1104 705 1253 792 64.];
1296 726 1423 774 non
1468 708 1639 774 aucti
1681 708 1985 776 memoria
2026 706 2203 772 nulla
2233 709 2411 771 extat
2430 711 2686 788 praeter

438 807 713 890 glossam
740 801 795 872 ὦ
817 806 958 882 ἔτα,
987 800 1041 874 ὦ
1066 810 1325 876 nolim.
1350 808 2100 893 ApponeniuszveroAdv.
2115 808 2240 873 570
2261 807 2449 874 huius
2461 807 2683 874 dever-

434 910 610 978 ticuli
633 911 895 994 ignarus
916 929 1032 993 pro
1048 911 1200 998 ἔτης
1223 913 1561 995 aliquando
1585 914 1823 980 dictum
1846 930 1987 980 esse
2011 915 2231 980 censet
2250 906 2399 977 ἕιάν
2422 915 2496 976 ut
2512 907 2682 988 νεάν,

435 1011 752 1100 μεγιστάν
784 1014 1041 1099 [Phryn.
1070 1013 1191 1081 196
1216 1014 1363 1100 sq.],
1409 1022 1477 1082 et
1504 1015 1651 1081 huic
1675 1014 2071 1097 subrepsisse
2093 1012 2446 1080 vocativum
2466 1013 2686 1082 homo-

435 1117 720 1200 phonon;
765 1135 894 1200 quo
932 1116 1387 1199 homophoniae
1429 1118 1852 1186 instrumento
1885 1116 2157 1183 technici
2199 1115 2326 1182 alia
2344 1116 2688 1198 expediunt

435 1219 608 1288 haud
627 1238 854 1302 pauca.
893 1218 1190 1286 Virorum
1213 1220 1558 1301 doctorum,
1581 1240 1739 1303 quos
1760 1221 1846 1288 M.
1872 1219 2257 1286 Schmidtius
2274 1220 2561 1284 nominat
2601 1219 2686 1285 ad

437 1321 686 1407 Didym.
709 1321 855 1404 404,
901 1319 1065 1390 alius
1109 1323 1283 1392 aliud
1327 1325 1573 1405 suadet,
1617 1343 1802 1392 nemo
1842 1324 2202 1406 persuadet.
2218 1360 2290 1371 —
2326 1320 2683 1388 choeroboe

443 1444 589 1493 scus
635 1425 787 1494 Can.
816 1425 957 1494 128.
990 1426 1070 1492 21
1099 1427 1302 1508 docet„
1345 1429 1600 1498 nomina
1622 1428 1866 1510 primae
1890 1426 2324 1494 declinationis
2367 1426 2434 1491 in
2455 1426 2543 1504 ῖιῖ
2575 1444 2682 1492 ex-

431 1530 649 1596 euntia
690 1530 1046 1598 vocativum
1089 1531 1344 1598 mittere
1387 1532 1454 1597 in
1493 1533 1540 1601 ἶ
1586 1532 1860 1613 longum,
1906 1531 2021 1597 sed
2058 1529 2404 1598 Pindarum
2446 1529 2684 1598 dixisse

433 1623 487 1697 ὦ
535 1626 1139 1721 ἅκαμαντοχᾶρμαν
1155 1626 1344 1701 ,Αἶαν
1387 1635 1633 1701 adiecto
1676 1654 1760 1717 ny
1801 1635 1904 1699 vel
1935 1634 2106 1699 κατὰ
2150 1632 2516 1720 συνδρομὴν
2560 1635 2681 1700 τοῦ

428 1725 619 1802 ,Αἶαν
660 1735 764 1802 vel
808 1736 893 1801 ad
944 1737 1305 1806 evitandam
1350 1738 1709 1822 epalleliam
1774 1737 2082 1804 vocalium
2157 1739 2209 1806 ἆ·
2233 1774 2304 1783 -
2340 1736 2418 1805 ἶ.
2505 1734 2678 1802 Neu-

433 1841 608 1904 trum
649 1855 802 1904 vero
841 1840 1158 1920 permittit
1202 1840 1542 1908 diversitas
1605 1835 1967 1922 prosodiae,
2035 1857 2200 1922 quae
2242 1838 2676 1924 Herodianum

425 1940 493 2008 in
537 1940 734 2008 aliam
773 1940 952 2008 duxit
995 1943 1380 2014 sententiam
1418 1944 1487 2024 in
1528 1942 1677 2009 EM.
1718 1942 1821 2008 44.
1864 1942 1951 2008 45
1996 1941 2053 2009 εἰ
2096 1942 2222 2028 γὰρ
2267 1933 2346 2028 ἦν
2402 1942 2676 2009 πλεονα-

424 2038 613 2122 σιιός,
664 2041 1088 2124 ἐκτεταμένον
1132 2039 1326 2131 {exsp
1371 2046 1447 2114 τὸ
1506 2046 1588 2125 ἶ,
1634 2049 1748 2112 νῦν
1803 2044 1876 2113 δὲ
1942 2046 2388 2113 συστέλλεται·
2459 2040 2679 2133 πλᾴνη

430 2136 564 2230 ἄρα
608 2145 920 2225 κλισεως
979 2145 1098 2211 Ad
1138 2147 1303 2224 hanc
1323 2153 1551 2215 autem
1560 2153 1814 2231 poetam
1834 2148 2465 2275 nontamepalleliae
2485 2165 2676 2230 quam

425 2246 644 2313 hiatus
666 2248 1042 2316 detrectatio
1085 2249 1362 2316 illexisse
1383 2250 1792 2335 videtur¹)—
1822 2250 2184 2318 Accusativi
2228 2242 2488 2336 alym,
2536 2246 2622 2316 νύ
2640 2286 2674 2302 -

425 2374 512 2415 xv
529 2376 570 2415 α
586 2376 649 2432 ν,
697 2349 893 2418 &lui
906 2355 1076 2432 δαν,
1124 2371 1288 2436 quos
1325 2355 1613 2432 nonnulli
1631 2372 1915 2422 summae
1950 2353 2313 2436 antiquitati
2332 2351 2671 2432 vindicant,

425 2454 658 2539 quippe
705 2455 1220 2527 sansoritieorum
1261 2457 1521 2539 similes,
1566 2477 1609 2523 a
1648 2461 1989 2540 conspectu
2030 2462 2248 2524 nostro
2273 2453 2669 2521 oblitescant.

424 2557 640 2629 Unum
678 2585 728 2641 μ
744 2556 787 2625 ά
802 2583 842 2627 σ
857 2584 891 2624 τ
905 2585 930 2624 ι
942 2585 981 2644 y
998 2585 1039 2628 α
1055 2587 1086 2624 v
1118 2565 1398 2629 veterem
1420 2566 1743 2629 auctorem
1763 2560 1975 2640 habet,
2000 2559 2114 2627 sed
2133 2557 2495 2639 barbarum,
2521 2555 2668 2640 Scy·

421 2660 617 2741 tham,
663 2677 852 2743 quem
875 2662 1333 2745 Aristophanes
1377 2665 1722 2733 introducit
1752 2663 2001 2730 Thesm.
2051 2660 2246 2741 11353
2290 2660 2671 2729 barbarismi

422 2764 766 2847 participes
789 2764 980 2837 citavi
1022 2766 1087 2833 in
1110 2765 1342 2835 Parall.
1390 2765 1530 2846 142,
1576 2765 1821 2832 0111011
1843 2765 2054 2833 sched.
2099 2764 2294 2847 epigr.
2315 2756 2378 2859 p.
2402 2762 2564 2846 26.²)
2589 2800 2659 2813 --

377 2912 380 2915 2
421 2865 519 2933 De
562 2867 620 2940 ἴ
640 2868 838 2934 micro
885 2869 1230 2961 separatim
1275 2868 1481 2935 dicam
1537 2867 1605 2934 in
1659 2868 1917 2935 ultimis
1968 2905 2040 2917 —-
2095 2866 2423 2935 Consonae
2465 2866 2668 2949 ypsilo

423 2968 710 3037 adiectae
753 2970 1108 3053 exemplum
1151 2970 1336 3039 offert
1378 2970 1570 3039 schol.
1613 2970 1766 3039 Eur.
1810 2970 1964 3037 Hec.
2008 2969 2133 3040 975
2181 2970 2255 3036 τὸ
2309 2961 2397 3035 ’νῦ
2412 2987 2445 3032 ν
2512 2965 2667 3036 ὅταν

420 3068 537 3159 ἔχῃ
584 3069 974 3156 ἔμπροσθεν
1022 3069 1228 3143 αῧτοῦ
1260 3079 1542 3163 φωνῆεν,
1589 3068 2060 3160 ἐφελκυστικόν
2083 3072 2226 3143 ἐστι
2245 3076 2362 3141 τοῦ
2408 3073 2477 3154 ἶ,
2506 3070 2667 3143 ὅταν

422 3173 497 3240 δὲ
552 3170 937 3261 σύμφωνον,
986 3174 1279 3245 ἐκλείπει
1368 3171 1459 3254 ὥς
1523 3176 1599 3241 τὸ
1647 3172 1825 3241 οἷ’τω
1874 3164 2127 3259 οὕτως,
2183 3177 2376 3264 μέχρι
2437 3176 2673 3261 μέχρις

421 3274 533 3341 καὶ
578 3278 660 3340 τὰ
707 3272 914 3364 ἕτερα.
1007 3279 1236 3347 Verius
1280 3279 1517 3347 sentire
1582 3277 1904 3358 videntur,
1969 3280 2078 3360 qui
2141 3271 2488 3361 temporale
2524 3281 2664 3353 ,νῦν

421 3379 829 3460 primitivum,
875 3380 1021 3447 hinc
1063 3387 1275 3450 autem
1298 3371 1658 3451 encliticum
1703 3377 1812 3447 miv
1841 3379 2079 3448 factum
2101 3387 2323 3451 rentur
2366 3388 2433 3448 et
2460 3382 2667 3449 denuo

417 3479 514 3561 νύ,
591 3500 716 3564 quo
760 3482 928 3563 epici
970 3489 1237 3551 utuntur
1280 3482 1733 3567 significatione
1776 3485 2060 3565 paullum
2101 3486 2500 3553 hebescente.
2587 3485 2667 3553 Id

426 3582 822 3667 Hartungius
868 3585 947 3651 de
990 3585 1255 3663 Particc.
1273 3662 1280 3663 ff
1298 3587 1366 3653 11
1414 3587 1493 3654 10
1536 3586 1618 3653 ab
1660 3587 1789 3655 illis
1831 3587 2016 3670 longe
2060 3587 2380 3657 diversum
2402 3607 2545 3657 esse
2566 3589 2663 3659 iu-

391 3687 620 3769 dicat,
668 3689 783 3754 sed
824 3689 1002 3771 prius
1046 3690 1298 3757 traditis
1343 3691 1769 3775 adstipulatur
1811 3690 2214 3759 Hermannus
2261 3690 2526 3775 Opuscc.
2578 3692 2663 3759 .Τ.

1505 3858 1628 3881 ᾡ-

533 3876 587 3943 l)
620 3879 704 3929 De
738 3885 963 3931 accentu
995 3881 1363 3934 vocativorum
1393 3884 1454 3935 in
1503 3898 1623 3950 μαν
1666 3883 1967 3935 exeuntium
2003 3882 2205 3935 dicetur
2255 3883 2312 3934 111
2346 3882 2555 3935 dissert.
2595 3882 2663 3934 de

413 3962 580 4030 Apoc.
616 3958 734 4030 cap.
768 3964 822 4015 11
843 3954 904 4027 ξ.
944 3962 991 4016 1.

427 4066 434 4071 ·
551 4043 609 4113 2)
644 4049 1020 4115 Accusativum
1055 4046 1385 4122 Δήμητραν,
1441 4069 1591 4120 quem
1630 4052 1942 4106 Schaeferus
1989 4052 2241 4106 damnare
2291 4060 2501 4107 veretur
2536 4052 2660 4124 App.

414 4130 559 4188 Dem.
596 4134 660 4186 T.
681 4135 707 4186 1
741 4132 862 4201 ³08,
897 4144 1171 4203 suspectat
1201 4138 1503 4193 Meinekius
1521 4140 1676 4193 vind.
1700 4140 1870 4193 strab.
1896 4155 1950 4207 p.
1970 4140 2055 4194 45.
2099 4140 2199 4192 1110
2233 4148 2377 4195 certe
2408 4142 2529 4209 plus
2566 4158 2657 4194 au·
2686 4155 2693 4159 ·

414 4223 676 4277 ctoritatis
711 4221 875 4275 habet
908 4237 1068 4288 quam
1100 4226 1458 4281 nominatim
1489 4212 1759 4297 Δήμητρα
1792 4242 1860 4281 ex
1892 4225 2179 4281 anadrome
2221 4232 2393 4283 ortua.
2460 4229 2657 4283 Neutro

415 4314 736 4365 excusantur
768 4308 1056 4377 apellativa
1084 4311 1200 4367 illa.
2366 4350 2381 4357 —
