<?xml version="1.0" encoding="UTF-8"?>
<!DOCTYPE html PUBLIC "-//W3C//DTD XHTML 1.0 Transitional//EN"
    "http://www.w3.org/TR/xhtml1/DTD/xhtml1-transitional.dtd">
<html xmlns="http://www.w3.org/1999/xhtml" xml:lang="en" lang="en">
 <head>
  <title>
</title>
<meta http-equiv="Content-Type" content="text/html;charset=utf-8" />
  <meta name='ocr-system' content='tesseract 3.04.00' />
  <meta name='ocr-capabilities' content='ocr_page ocr_carea ocr_par ocr_line ocrx_word'/>
</head>
<body>
  <div class='ocr_page' id='page_1' title='image "./pathologiaegrae02lobegoog_0063.png"; bbox 0 0 2946 4928; ppageno 0'>
   <div class='ocr_carea' id='block_1_1' title="bbox 450 325 2515 414">
    <p class='ocr_par' dir='ltr' id='par_1_1' title="bbox 450 325 2515 414">
     <span class='ocr_line' id='line_1_1' title="bbox 450 325 2515 414; baseline -0.001 -18"><span class='ocrx_word' id='word_1_1' title='bbox 450 329 568 396; x_wconf 88' lang='lat' dir='ltr'>DE</span> <span class='ocrx_word' id='word_1_2' title='bbox 615 325 1107 410; x_wconf 82' lang='lat' dir='ltr'><strong>SYNAERESI‚</strong></span> <span class='ocrx_word' id='word_1_3' title='bbox 1150 325 1553 396; x_wconf 81' lang='lat' dir='ltr'>DIAERESI</span> <span class='ocrx_word' id='word_1_4' title='bbox 1596 332 1714 410; x_wconf 75' lang='lat' dir='ltr'>etc.</span> <span class='ocrx_word' id='word_1_5' title='bbox 1780 328 1849 395; x_wconf 91' lang='lat' dir='ltr'>P.</span> <span class='ocrx_word' id='word_1_6' title='bbox 1873 327 1922 394; x_wconf 86' lang='grc' dir='ltr'>Ι.</span> <span class='ocrx_word' id='word_1_7' title='bbox 1968 327 2035 395; x_wconf 82' lang='lat' dir='ltr'>G.</span> <span class='ocrx_word' id='word_1_8' title='bbox 2059 327 2141 395; x_wconf 90' lang='lat'>11.</span> <span class='ocrx_word' id='word_1_9' title='bbox 2188 328 2241 414; x_wconf 61' lang='lat' dir='ltr'>g.</span> <span class='ocrx_word' id='word_1_10' title='bbox 2265 325 2324 395; x_wconf 87' lang='grc'>4.</span> <span class='ocrx_word' id='word_1_11' title='bbox 2434 326 2515 394; x_wconf 75' lang='grc'>47</span> 
     </span>
    </p>
   </div>
   <div class='ocr_carea' id='block_1_2' title="bbox 266 492 2521 787">
    <p class='ocr_par' dir='ltr' id='par_1_2' title="bbox 266 492 2521 787">
     <span class='ocr_line' id='line_1_2' title="bbox 452 492 2518 581; baseline -0.001 -23"><span class='ocrx_word' id='word_1_12' title='bbox 452 493 510 558; x_wconf 85' lang='grc' dir='ltr'><strong>Α</strong></span> <span class='ocrx_word' id='word_1_13' title='bbox 566 493 891 578; x_wconf 73' lang='lat' dir='ltr'>gentilicio</span> <span class='ocrx_word' id='word_1_14' title='bbox 942 496 1200 581; x_wconf 75' lang='grc' dir='ltr'><strong><em>Τρῷος,</em></strong></span> <span class='ocrx_word' id='word_1_15' title='bbox 1269 492 1438 575; x_wconf 88' lang='lat' dir='ltr'>quod</span> <span class='ocrx_word' id='word_1_16' title='bbox 1501 510 1584 558; x_wconf 82' lang='lat' dir='ltr'>ex</span> <span class='ocrx_word' id='word_1_17' title='bbox 1645 493 1904 581; x_wconf 74' lang='grc' dir='ltr'><strong><em>Τρώϊος</em></strong></span> <span class='ocrx_word' id='word_1_18' title='bbox 1945 495 2337 558; x_wconf 80' lang='lat' dir='ltr'>contractum</span> <span class='ocrx_word' id='word_1_19' title='bbox 2401 495 2518 571; x_wconf 91' lang='lat' dir='ltr'>est,</span> 
     </span>
     <span class='ocr_line' id='line_1_3' title="bbox 268 591 2521 683; baseline -0.001 -21"><span class='ocrx_word' id='word_1_20' title='bbox 268 596 601 662; x_wconf 86' lang='lat' dir='ltr'>diversum</span> <span class='ocrx_word' id='word_1_21' title='bbox 666 594 931 661; x_wconf 80' lang='lat' dir='ltr'>facimus</span> <span class='ocrx_word' id='word_1_22' title='bbox 976 593 1347 683; x_wconf 78' lang='grc' dir='ltr'><strong><em>ὑπερώϊος,</em></strong></span> <span class='ocrx_word' id='word_1_23' title='bbox 1415 596 1583 677; x_wconf 90' lang='lat' dir='ltr'>quod</span> <span class='ocrx_word' id='word_1_24' title='bbox 1626 595 1918 661; x_wconf 87' lang='lat' dir='ltr'>Eustath.</span> <span class='ocrx_word' id='word_1_25' title='bbox 1993 593 2174 661; x_wconf 79' lang='lat'><strong>1409.</strong></span> <span class='ocrx_word' id='word_1_26' title='bbox 2228 591 2312 659; x_wconf 88' lang='grc'>46</span> <span class='ocrx_word' id='word_1_27' title='bbox 2377 610 2521 659; x_wconf 91' lang='lat' dir='ltr'>cum</span> 
     </span>
     <span class='ocr_line' id='line_1_4' title="bbox 266 697 2519 787; baseline -0.001 -21"><span class='ocrx_word' id='word_1_28' title='bbox 266 703 596 786; x_wconf 77' lang='grc' dir='ltr'><strong><em>πατρῷος</em></strong></span> <span class='ocrx_word' id='word_1_29' title='bbox 637 704 703 768; x_wconf 84' lang='lat' dir='ltr'>et</span> <span class='ocrx_word' id='word_1_30' title='bbox 743 703 1052 787; x_wconf 77' lang='grc' dir='ltr'><strong><em>μητρῷος</em></strong></span> <span class='ocrx_word' id='word_1_31' title='bbox 1097 699 1426 781; x_wconf 81' lang='lat' dir='ltr'>componit,</span> <span class='ocrx_word' id='word_1_32' title='bbox 1470 717 1597 764; x_wconf 90' lang='lat' dir='ltr'>non</span> <span class='ocrx_word' id='word_1_33' title='bbox 1640 699 1870 781; x_wconf 84' lang='lat' dir='ltr'>inepte,</span> <span class='ocrx_word' id='word_1_34' title='bbox 1916 700 2151 782; x_wconf 87' lang='lat' dir='ltr'><strong>opinor.</strong></span> <span class='ocrx_word' id='word_1_35' title='bbox 2276 697 2519 776; x_wconf 82' lang='lat' dir='ltr'>-Quem-</span> 
     </span>
    </p>
   </div>
   <div class='ocr_carea' id='block_1_3' title="bbox 28 799 2654 890">
    <p class='ocr_par' dir='ltr' id='par_1_3' title="bbox 28 799 2654 890">
     <span class='ocr_line' id='line_1_5' title="bbox 28 799 2654 890; baseline -0.001 -22"><span class='ocrx_word' id='word_1_36' title='bbox 28 855 29 868; x_wconf 64' lang='grc'>,</span> <span class='ocrx_word' id='word_1_37' title='bbox 144 807 153 810; x_wconf 12' lang='grc' dir='ltr'><em>ἡ</em></span> <span class='ocrx_word' id='word_1_38' title='bbox 266 802 616 868; x_wconf 80' lang='lat' dir='ltr'><strong>admodum</strong></span> <span class='ocrx_word' id='word_1_39' title='bbox 683 803 851 868; x_wconf 82' lang='lat' dir='ltr'>enim</span> <span class='ocrx_word' id='word_1_40' title='bbox 918 802 999 868; x_wconf 87' lang='lat' dir='ltr'>ab</span> <span class='ocrx_word' id='word_1_41' title='bbox 1046 800 1265 890; x_wconf 73' lang='grc' dir='ltr'><strong><em>ἕτερος</em></strong></span> <span class='ocrx_word' id='word_1_42' title='bbox 1306 802 1673 884; x_wconf 83' lang='lat' dir='ltr'>producitur</span> <span class='ocrx_word' id='word_1_43' title='bbox 1718 799 2033 890; x_wconf 72' lang='grc' dir='ltr'><strong><em>ἑτεροῖος,</em></strong></span> <span class='ocrx_word' id='word_1_44' title='bbox 2097 804 2189 869; x_wconf 79' lang='lat' dir='ltr'>ita</span> <span class='ocrx_word' id='word_1_45' title='bbox 2230 821 2356 868; x_wconf 88' lang='lat' dir='ltr'>non</span> <span class='ocrx_word' id='word_1_46' title='bbox 2396 801 2519 867; x_wconf 87' lang='lat' dir='ltr'>illi-</span> <span class='ocrx_word' id='word_1_47' title='bbox 2639 827 2654 834; x_wconf 75' lang='grc'>-</span> 
     </span>
    </p>
   </div>
   <div class='ocr_carea' id='block_1_4' title="bbox 269 901 2521 1098">
    <p class='ocr_par' dir='ltr' id='par_1_4' title="bbox 269 901 2521 1098">
     <span class='ocr_line' id='line_1_6' title="bbox 269 901 2521 995; baseline 0 -25"><span class='ocrx_word' id='word_1_48' title='bbox 269 907 471 971; x_wconf 84' lang='lat' dir='ltr'>citum</span> <span class='ocrx_word' id='word_1_49' title='bbox 513 904 823 972; x_wconf 87' lang='lat' dir='ltr'>habemus</span> <span class='ocrx_word' id='word_1_50' title='bbox 866 903 1104 988; x_wconf 84' lang='lat' dir='ltr'>fingere</span> <span class='ocrx_word' id='word_1_51' title='bbox 1149 906 1529 972; x_wconf 86' lang='lat' dir='ltr'>adiectivum</span> <span class='ocrx_word' id='word_1_52' title='bbox 1556 901 1796 995; x_wconf 75' lang='grc' dir='ltr'><strong><em>ἶῖπερος</em></strong></span> <span class='ocrx_word' id='word_1_53' title='bbox 1839 911 1905 972; x_wconf 92' lang='lat' dir='ltr'>et</span> <span class='ocrx_word' id='word_1_54' title='bbox 1935 906 2082 971; x_wconf 90' lang='lat' dir='ltr'>inde</span> <span class='ocrx_word' id='word_1_55' title='bbox 2103 909 2521 988; x_wconf 81' lang='lat' dir='ltr'>propagatum</span> 
     </span>
     <span class='ocr_line' id='line_1_7' title="bbox 270 1003 2520 1098; baseline -0.002 -22"><span class='ocrx_word' id='word_1_56' title='bbox 270 1004 598 1095; x_wconf 76' lang='grc' dir='ltr'><strong><em>ὖπεροῖος</em></strong></span> <span class='ocrx_word' id='word_1_57' title='bbox 615 1059 635 1091; x_wconf 86' lang='grc'><em>,</em></span> <span class='ocrx_word' id='word_1_58' title='bbox 704 1008 851 1075; x_wconf 89' lang='lat' dir='ltr'>hinc</span> <span class='ocrx_word' id='word_1_59' title='bbox 895 1014 1109 1075; x_wconf 88' lang='lat' dir='ltr'>autem</span> <span class='ocrx_word' id='word_1_60' title='bbox 1173 1027 1288 1091; x_wconf 91' lang='lat' dir='ltr'>per</span> <span class='ocrx_word' id='word_1_61' title='bbox 1330 1009 1573 1075; x_wconf 83' lang='lat' dir='ltr'>ectasin</span> <span class='ocrx_word' id='word_1_62' title='bbox 1617 1003 1955 1098; x_wconf 80' lang='grc' dir='ltr'><strong><em>ὖπερώϊος</em></strong></span> <span class='ocrx_word' id='word_1_63' title='bbox 2017 1006 2520 1091; x_wconf 84' lang='lat' dir='ltr'>pentesyllabum</span> 
     </span>
    </p>
   </div>
   <div class='ocr_carea' id='block_1_5' title="bbox 268 1105 2630 1202">
    <p class='ocr_par' dir='ltr' id='par_1_5' title="bbox 268 1105 2630 1202">
     <span class='ocr_line' id='line_1_8' title="bbox 268 1105 2630 1202; baseline -0.002 -23"><span class='ocrx_word' id='word_1_64' title='bbox 268 1113 665 1194; x_wconf 67' lang='grc' dir='ltr'><strong><em>στιχθέντος</em></strong></span> <span class='ocrx_word' id='word_1_65' title='bbox 714 1116 828 1180; x_wconf 76' lang='grc' dir='ltr'>τοῦ</span> <span class='ocrx_word' id='word_1_66' title='bbox 873 1110 1721 1202; x_wconf 69' lang='grc' dir='ltr'><strong><em>προσγεγραμμένουῖκαὶ</em></strong></span> <span class='ocrx_word' id='word_1_67' title='bbox 1764 1105 1972 1190; x_wconf 62' lang='grc' dir='ltr'><em>εὐθύς</em></span> <span class='ocrx_word' id='word_1_68' title='bbox 2015 1110 2523 1198; x_wconf 67' lang='grc' dir='ltr'>ἐκφωνηθέντος</span> <span class='ocrx_word' id='word_1_69' title='bbox 2625 1117 2630 1124; x_wconf 78' lang='grc'><em>’</em></span> 
     </span>
    </p>
   </div>
   <div class='ocr_carea' id='block_1_6' title="bbox 164 1209 2620 3569">
    <p class='ocr_par' dir='ltr' id='par_1_6' title="bbox 164 1209 2620 3569">
     <span class='ocr_line' id='line_1_9' title="bbox 267 1209 2620 1309; baseline -0 -29"><span class='ocrx_word' id='word_1_70' title='bbox 267 1219 346 1280; x_wconf 83' lang='lat' dir='ltr'>ut</span> <span class='ocrx_word' id='word_1_71' title='bbox 389 1211 749 1304; x_wconf 68' lang='grc' dir='ltr'>πατρῴᾶος,</span> <span class='ocrx_word' id='word_1_72' title='bbox 793 1219 1111 1298; x_wconf 80' lang='lat' dir='ltr'>postremo</span> <span class='ocrx_word' id='word_1_73' title='bbox 1157 1209 1465 1304; x_wconf 74' lang='grc' dir='ltr'><strong><em>ὑπερῷος</em></strong></span> <span class='ocrx_word' id='word_1_74' title='bbox 1507 1216 1638 1282; x_wconf 82' lang='lat' dir='ltr'>iota</span> <span class='ocrx_word' id='word_1_75' title='bbox 1684 1215 2054 1298; x_wconf 76' lang='lat' dir='ltr'>subscripto,</span> <span class='ocrx_word' id='word_1_76' title='bbox 2101 1215 2269 1298; x_wconf 87' lang='lat' dir='ltr'>quod</span> <span class='ocrx_word' id='word_1_77' title='bbox 2290 1214 2521 1280; x_wconf 80' lang='lat' dir='ltr'>Eusta-</span> <span class='ocrx_word' id='word_1_78' title='bbox 2601 1299 2620 1309; x_wconf 45' lang='grc' dir='ltr'><em>Ι</em></span> 
     </span>
     <span class='ocr_line' id='line_1_10' title="bbox 269 1313 2524 1407; baseline -0 -23"><span class='ocrx_word' id='word_1_79' title='bbox 269 1313 451 1384; x_wconf 77' lang='lat' dir='ltr'>thius</span> <span class='ocrx_word' id='word_1_80' title='bbox 468 1320 511 1385; x_wconf 87' lang='lat' dir='ltr'>l.</span> <span class='ocrx_word' id='word_1_81' title='bbox 528 1336 583 1385; x_wconf 85' lang='lat' dir='ltr'>c.</span> <span class='ocrx_word' id='word_1_82' title='bbox 599 1325 665 1385; x_wconf 92' lang='lat' dir='ltr'>et</span> <span class='ocrx_word' id='word_1_83' title='bbox 686 1319 829 1385; x_wconf 80' lang='grc'><strong>272.</strong></span> <span class='ocrx_word' id='word_1_84' title='bbox 859 1318 935 1384; x_wconf 89' lang='grc'>13</span> <span class='ocrx_word' id='word_1_85' title='bbox 960 1336 1102 1384; x_wconf 89' lang='lat' dir='ltr'>cum</span> <span class='ocrx_word' id='word_1_86' title='bbox 1130 1319 1301 1407; x_wconf 76' lang='grc' dir='ltr'><strong><em>λῷον</em></strong></span> <span class='ocrx_word' id='word_1_87' title='bbox 1325 1317 1581 1385; x_wconf 77' lang='lat' dir='ltr'><strong>confert.</strong></span> <span class='ocrx_word' id='word_1_88' title='bbox 1646 1320 1886 1386; x_wconf 91' lang='lat' dir='ltr'>Verum</span> <span class='ocrx_word' id='word_1_89' title='bbox 1908 1320 2191 1400; x_wconf 78' lang='lat' dir='ltr'>interest,</span> <span class='ocrx_word' id='word_1_90' title='bbox 2216 1319 2384 1402; x_wconf 90' lang='lat' dir='ltr'>quod</span> <span class='ocrx_word' id='word_1_91' title='bbox 2406 1318 2524 1383; x_wconf 90' lang='lat' dir='ltr'>hoc</span> 
     </span>
     <span class='ocr_line' id='line_1_11' title="bbox 280 1415 2522 1507; baseline -0.002 -16"><span class='ocrx_word' id='word_1_92' title='bbox 280 1425 337 1494; x_wconf 63' lang='lat' dir='ltr'>{s</span> <span class='ocrx_word' id='word_1_93' title='bbox 380 1423 451 1487; x_wconf 91' lang='lat' dir='ltr'>in</span> <span class='ocrx_word' id='word_1_94' title='bbox 498 1415 742 1506; x_wconf 80' lang='lat' dir='ltr'><strong>syllaba</strong></span> <span class='ocrx_word' id='word_1_95' title='bbox 782 1423 990 1504; x_wconf 89' lang='lat' dir='ltr'>prima</span> <span class='ocrx_word' id='word_1_96' title='bbox 1033 1422 1244 1503; x_wconf 78' lang='lat' dir='ltr'>habet,</span> <span class='ocrx_word' id='word_1_97' title='bbox 1290 1423 1448 1488; x_wconf 90' lang='lat' dir='ltr'>illud</span> <span class='ocrx_word' id='word_1_98' title='bbox 1492 1424 1558 1488; x_wconf 91' lang='lat' dir='ltr'>in</span> <span class='ocrx_word' id='word_1_99' title='bbox 1599 1424 2003 1507; x_wconf 81' lang='lat' dir='ltr'>paragogica‚</span> <span class='ocrx_word' id='word_1_100' title='bbox 2050 1423 2228 1489; x_wconf 89' lang='lat' dir='ltr'>cuius</span> <span class='ocrx_word' id='word_1_101' title='bbox 2273 1422 2522 1503; x_wconf 82' lang='lat' dir='ltr'>generis</span> 
     </span>
     <span class='ocr_line' id='line_1_12' title="bbox 275 1521 2523 1614; baseline -0.001 -23"><span class='ocrx_word' id='word_1_102' title='bbox 275 1523 594 1593; x_wconf 80' lang='lat' dir='ltr'><strong>Homerus</strong></span> <span class='ocrx_word' id='word_1_103' title='bbox 659 1544 855 1591; x_wconf 89' lang='lat' dir='ltr'>unum</span> <span class='ocrx_word' id='word_1_104' title='bbox 920 1525 1175 1591; x_wconf 87' lang='lat' dir='ltr'>exhibet</span> <span class='ocrx_word' id='word_1_105' title='bbox 1237 1530 1443 1592; x_wconf 89' lang='lat' dir='ltr'>metro</span> <span class='ocrx_word' id='word_1_106' title='bbox 1488 1528 1707 1592; x_wconf 85' lang='lat' dir='ltr'>datum</span> <span class='ocrx_word' id='word_1_107' title='bbox 1751 1521 2075 1614; x_wconf 72' lang='grc' dir='ltr'><strong><em>ὑπερῷος,</em></strong></span> <span class='ocrx_word' id='word_1_108' title='bbox 2121 1526 2349 1590; x_wconf 78' lang='lat' dir='ltr'>ceteris</span> <span class='ocrx_word' id='word_1_109' title='bbox 2392 1524 2523 1589; x_wconf 88' lang='lat' dir='ltr'>iota</span> 
     </span>
     <span class='ocr_line' id='line_1_13' title="bbox 270 1624 2524 1716; baseline -0.001 -22"><span class='ocrx_word' id='word_1_110' title='bbox 270 1629 593 1711; x_wconf 78' lang='lat' dir='ltr'>integrum</span> <span class='ocrx_word' id='word_1_111' title='bbox 614 1625 932 1710; x_wconf 80' lang='lat' dir='ltr'>relinquit,</span> <span class='ocrx_word' id='word_1_112' title='bbox 971 1625 1329 1712; x_wconf 80' lang='grc' dir='ltr'><strong><em>Ἀχελώϊος</em></strong></span> <span class='ocrx_word' id='word_1_113' title='bbox 1354 1629 1430 1712; x_wconf 83' lang='lat'>²),</span> <span class='ocrx_word' id='word_1_114' title='bbox 1482 1625 1845 1716; x_wconf 77' lang='grc' dir='ltr'><strong><em>πατρώϊος,</em></strong></span> <span class='ocrx_word' id='word_1_115' title='bbox 1882 1625 2230 1716; x_wconf 78' lang='grc' dir='ltr'>μητρῶἵος,</span> <span class='ocrx_word' id='word_1_116' title='bbox 2268 1624 2524 1712; x_wconf 80' lang='grc' dir='ltr'><strong><em>πρώϊος</em></strong></span> 
     </span>
     <span class='ocr_line' id='line_1_14' title="bbox 271 1721 2522 1820; baseline -0.001 -23"><span class='ocrx_word' id='word_1_117' title='bbox 271 1736 536 1815; x_wconf 81' lang='lat' dir='ltr'>praeter</span> <span class='ocrx_word' id='word_1_118' title='bbox 600 1721 1029 1814; x_wconf 67' lang='lat' dir='ltr'>possessivum</span> <span class='ocrx_word' id='word_1_119' title='bbox 1101 1729 1350 1820; x_wconf 77' lang='grc' dir='ltr'><strong><em>Τρῳός,</em></strong></span> <span class='ocrx_word' id='word_1_120' title='bbox 1421 1733 1591 1814; x_wconf 89' lang='lat' dir='ltr'>quod</span> <span class='ocrx_word' id='word_1_121' title='bbox 1656 1731 2050 1815; x_wconf 80' lang='lat' dir='ltr'>grammatici</span> <span class='ocrx_word' id='word_1_122' title='bbox 2116 1751 2155 1796; x_wconf 90' lang='lat' dir='ltr'>a</span> <span class='ocrx_word' id='word_1_123' title='bbox 2205 1729 2522 1813; x_wconf 87' lang='lat' dir='ltr'>gentilicio</span> 
     </span>
     <span class='ocr_line' id='line_1_15' title="bbox 283 1832 2521 1921; baseline 0 -23"><span class='ocrx_word' id='word_1_124' title='bbox 283 1832 550 1921; x_wconf 82' lang='grc' dir='ltr'><strong><em>Τρώϊος</em></strong></span> <span class='ocrx_word' id='word_1_125' title='bbox 592 1833 975 1900; x_wconf 86' lang='lat' dir='ltr'>discernunt.</span> <span class='ocrx_word' id='word_1_126' title='bbox 1064 1835 1401 1902; x_wconf 81' lang='lat' dir='ltr'>Inferiores</span> <span class='ocrx_word' id='word_1_127' title='bbox 1435 1840 1661 1918; x_wconf 86' lang='lat' dir='ltr'>poetae</span> <span class='ocrx_word' id='word_1_128' title='bbox 1683 1834 1795 1899; x_wconf 87' lang='lat' dir='ltr'>illa</span> <span class='ocrx_word' id='word_1_129' title='bbox 1816 1833 1898 1898; x_wconf 91' lang='lat' dir='ltr'>ad</span> <span class='ocrx_word' id='word_1_130' title='bbox 1920 1837 2192 1899; x_wconf 89' lang='lat' dir='ltr'>metrum</span> <span class='ocrx_word' id='word_1_131' title='bbox 2213 1833 2521 1915; x_wconf 80' lang='lat' dir='ltr'>dirigunt3</span> 
     </span>
     <span class='ocr_line' id='line_1_16' title="bbox 271 1934 2594 2024; baseline -0.001 -22"><span class='ocrx_word' id='word_1_132' title='bbox 271 1955 488 2003; x_wconf 90' lang='lat' dir='ltr'>sermo</span> <span class='ocrx_word' id='word_1_133' title='bbox 554 1938 901 2003; x_wconf 88' lang='lat' dir='ltr'>communis</span> <span class='ocrx_word' id='word_1_134' title='bbox 969 1944 1291 2005; x_wconf 87' lang='lat' dir='ltr'>contracta</span> <span class='ocrx_word' id='word_1_135' title='bbox 1354 1937 1639 2020; x_wconf 85' lang='lat' dir='ltr'>praefert</span> <span class='ocrx_word' id='word_1_136' title='bbox 1700 1941 1958 2020; x_wconf 86' lang='lat' dir='ltr'>praeter</span> <span class='ocrx_word' id='word_1_137' title='bbox 2002 1934 2284 2024; x_wconf 79' lang='grc' dir='ltr'><strong><em>πρώϊος,</em></strong></span> <span class='ocrx_word' id='word_1_138' title='bbox 2353 1934 2522 2019; x_wconf 89' lang='lat' dir='ltr'>quod</span> <span class='ocrx_word' id='word_1_139' title='bbox 2590 2007 2594 2013; x_wconf 49' lang='grc'><strong><em>,</em></strong></span> 
     </span>
     <span class='ocr_line' id='line_1_17' title="bbox 270 2039 2521 2129; baseline -0.001 -24"><span class='ocrx_word' id='word_1_140' title='bbox 270 2058 442 2105; x_wconf 90' lang='lat' dir='ltr'>unus</span> <span class='ocrx_word' id='word_1_141' title='bbox 466 2039 922 2122; x_wconf 83' lang='lat' dir='ltr'>Aristophanes</span> <span class='ocrx_word' id='word_1_142' title='bbox 966 2041 1032 2107; x_wconf 91' lang='lat' dir='ltr'>in</span> <span class='ocrx_word' id='word_1_143' title='bbox 1058 2045 1285 2129; x_wconf 81' lang='grc' dir='ltr'><strong><em>πρῷος</em></strong></span> <span class='ocrx_word' id='word_1_144' title='bbox 1327 2042 1597 2108; x_wconf 89' lang='lat' dir='ltr'>mutavit</span> <span class='ocrx_word' id='word_1_145' title='bbox 1639 2041 1935 2107; x_wconf 89' lang='lat' dir='ltr'>arborum</span> <span class='ocrx_word' id='word_1_146' title='bbox 1963 2045 2307 2122; x_wconf 87' lang='lat' dir='ltr'>proventus</span> <span class='ocrx_word' id='word_1_147' title='bbox 2336 2056 2521 2121; x_wconf 86' lang='lat' dir='ltr'>prae-</span> 
     </span>
     <span class='ocr_line' id='line_1_18' title="bbox 268 2141 2521 2231; baseline -0 -24"><span class='ocrx_word' id='word_1_148' title='bbox 268 2161 455 2208; x_wconf 90' lang='lat' dir='ltr'>coces</span> <span class='ocrx_word' id='word_1_149' title='bbox 501 2142 858 2225; x_wconf 81' lang='lat' dir='ltr'>designanS,</span> <span class='ocrx_word' id='word_1_150' title='bbox 903 2161 1061 2225; x_wconf 86' lang='lat' dir='ltr'>quos</span> <span class='ocrx_word' id='word_1_151' title='bbox 1084 2145 1192 2209; x_wconf 86' lang='lat' dir='ltr'>alii</span> <span class='ocrx_word' id='word_1_152' title='bbox 1238 2143 1586 2231; x_wconf 68' lang='grc' dir='ltr'><strong><em>πρωῖζιιους</em></strong></span> <span class='ocrx_word' id='word_1_153' title='bbox 1619 2145 1955 2227; x_wconf 76' lang='lat' dir='ltr'>appellant,</span> <span class='ocrx_word' id='word_1_154' title='bbox 1979 2162 2036 2209; x_wconf 91' lang='lat' dir='ltr'>v.</span> <span class='ocrx_word' id='word_1_155' title='bbox 2071 2147 2400 2209; x_wconf 84' lang='lat' dir='ltr'>comment.</span> <span class='ocrx_word' id='word_1_156' title='bbox 2439 2141 2521 2206; x_wconf 88' lang='lat' dir='ltr'>ad</span> 
     </span>
     <span class='ocr_line' id='line_1_19' title="bbox 272 2244 2523 2332; baseline 0 -22"><span class='ocrx_word' id='word_1_157' title='bbox 272 2245 468 2327; x_wconf 87' lang='lat' dir='ltr'>Vesp.</span> <span class='ocrx_word' id='word_1_158' title='bbox 482 2244 610 2311; x_wconf 93' lang='grc'>262</span> <span class='ocrx_word' id='word_1_159' title='bbox 625 2245 881 2330; x_wconf 87' lang='lat' dir='ltr'>[Phryn.</span> <span class='ocrx_word' id='word_1_160' title='bbox 897 2245 1028 2332; x_wconf 89' lang='grc'><strong>52].</strong></span> <span class='ocrx_word' id='word_1_161' title='bbox 1069 2247 1465 2316; x_wconf 87' lang='lat' dir='ltr'>Primitivum</span> <span class='ocrx_word' id='word_1_162' title='bbox 1490 2256 1590 2316; x_wconf 88' lang='lat' dir='ltr'>est</span> <span class='ocrx_word' id='word_1_163' title='bbox 1616 2248 1984 2314; x_wconf 85' lang='lat' dir='ltr'>adverbium</span> <span class='ocrx_word' id='word_1_164' title='bbox 2008 2245 2330 2329; x_wconf 80' lang='lat' dir='ltr'>temporiS‚</span> <span class='ocrx_word' id='word_1_165' title='bbox 2354 2245 2523 2328; x_wconf 87' lang='lat' dir='ltr'>quod</span> 
     </span>
     <span class='ocr_line' id='line_1_20' title="bbox 273 2344 2522 2441; baseline 0 -27"><span class='ocrx_word' id='word_1_166' title='bbox 273 2349 447 2414; x_wconf 85' lang='lat' dir='ltr'>idem</span> <span class='ocrx_word' id='word_1_167' title='bbox 464 2348 804 2431; x_wconf 84' lang='lat' dir='ltr'>dupliciter</span> <span class='ocrx_word' id='word_1_168' title='bbox 826 2349 1017 2414; x_wconf 88' lang='lat' dir='ltr'>scribi</span> <span class='ocrx_word' id='word_1_169' title='bbox 1041 2352 1231 2417; x_wconf 86' lang='lat' dir='ltr'>solet:</span> <span class='ocrx_word' id='word_1_170' title='bbox 1279 2350 1429 2439; x_wconf 75' lang='grc' dir='ltr'>πρῴ</span> <span class='ocrx_word' id='word_1_171' title='bbox 1464 2347 1621 2441; x_wconf 79' lang='grc' dir='ltr'>παρ’</span> <span class='ocrx_word' id='word_1_172' title='bbox 1659 2348 1979 2429; x_wconf 72' lang='grc' dir='ltr'>Ἀττικοῖς</span> <span class='ocrx_word' id='word_1_173' title='bbox 2002 2344 2323 2429; x_wconf 74' lang='grc' dir='ltr'><strong><em>ὀξύνεται,</em></strong></span> <span class='ocrx_word' id='word_1_174' title='bbox 2372 2346 2522 2416; x_wconf 74' lang='grc' dir='ltr'>ἐπεὶ</span> 
     </span>
     <span class='ocr_line' id='line_1_21' title="bbox 277 2446 2520 2542; baseline -0 -23"><span class='ocrx_word' id='word_1_175' title='bbox 277 2449 353 2519; x_wconf 73' lang='grc' dir='ltr'>ἐκ</span> <span class='ocrx_word' id='word_1_176' title='bbox 415 2455 534 2519; x_wconf 80' lang='grc' dir='ltr'>τοῦ</span> <span class='ocrx_word' id='word_1_177' title='bbox 604 2450 792 2537; x_wconf 73' lang='grc' dir='ltr'><em>πρωΐ</em></span> <span class='ocrx_word' id='word_1_178' title='bbox 851 2446 1252 2536; x_wconf 75' lang='grc' dir='ltr'><strong><em>ὀξυνομένου</em></strong></span> <span class='ocrx_word' id='word_1_179' title='bbox 1316 2455 1483 2520; x_wconf 83' lang='grc' dir='ltr'><strong><em>κατὰ</em></strong></span> <span class='ocrx_word' id='word_1_180' title='bbox 1551 2452 1927 2542; x_wconf 78' lang='grc' dir='ltr'><strong><em>συναίρεσιν</em></strong></span> <span class='ocrx_word' id='word_1_181' title='bbox 1981 2454 2240 2541; x_wconf 77' lang='grc' dir='ltr'><strong><em>γέγονεν</em></strong></span> <span class='ocrx_word' id='word_1_182' title='bbox 2297 2452 2520 2519; x_wconf 82' lang='lat' dir='ltr'>Joann.</span> 
     </span>
     <span class='ocr_line' id='line_1_22' title="bbox 274 2552 2521 2642; baseline 0 -21"><span class='ocrx_word' id='word_1_183' title='bbox 274 2555 534 2622; x_wconf 89' lang='lat' dir='ltr'>Accent.</span> <span class='ocrx_word' id='word_1_184' title='bbox 565 2574 631 2637; x_wconf 88' lang='lat' dir='ltr'>p.</span> <span class='ocrx_word' id='word_1_185' title='bbox 656 2554 758 2622; x_wconf 91' lang='grc'>32.</span> <span class='ocrx_word' id='word_1_186' title='bbox 783 2554 841 2621; x_wconf 88' lang='grc'>6.</span> <span class='ocrx_word' id='word_1_187' title='bbox 931 2555 1160 2639; x_wconf 86' lang='lat' dir='ltr'>Stirpis</span> <span class='ocrx_word' id='word_1_188' title='bbox 1203 2557 1340 2622; x_wconf 89' lang='lat' dir='ltr'>loco</span> <span class='ocrx_word' id='word_1_189' title='bbox 1383 2563 1679 2624; x_wconf 85' lang='lat' dir='ltr'>censetur</span> <span class='ocrx_word' id='word_1_190' title='bbox 1718 2559 2103 2641; x_wconf 83' lang='lat' dir='ltr'>praepositio</span> <span class='ocrx_word' id='word_1_191' title='bbox 2150 2552 2305 2642; x_wconf 80' lang='grc' dir='ltr'><strong><em>πρό,</em></strong></span> <span class='ocrx_word' id='word_1_192' title='bbox 2351 2556 2521 2621; x_wconf 91' lang='lat' dir='ltr'>unde</span> 
     </span>
     <span class='ocr_line' id='line_1_23' title="bbox 271 2658 2519 2749; baseline 0 -25"><span class='ocrx_word' id='word_1_193' title='bbox 271 2677 401 2724; x_wconf 89' lang='lat' dir='ltr'>uno</span> <span class='ocrx_word' id='word_1_194' title='bbox 446 2658 664 2725; x_wconf 85' lang='lat' dir='ltr'>addito</span> <span class='ocrx_word' id='word_1_195' title='bbox 707 2663 993 2742; x_wconf 86' lang='lat' dir='ltr'>tempore</span> <span class='ocrx_word' id='word_1_196' title='bbox 1037 2661 1353 2742; x_wconf 83' lang='lat' dir='ltr'>procrevit</span> <span class='ocrx_word' id='word_1_197' title='bbox 1399 2658 1551 2749; x_wconf 76' lang='grc' dir='ltr'>πρώ</span> <span class='ocrx_word' id='word_1_198' title='bbox 1607 2667 1675 2727; x_wconf 92' lang='lat' dir='ltr'>et</span> <span class='ocrx_word' id='word_1_199' title='bbox 1719 2662 1801 2727; x_wconf 89' lang='lat' dir='ltr'>ad</span> <span class='ocrx_word' id='word_1_200' title='bbox 1845 2659 2365 2744; x_wconf 85' lang='lat' dir='ltr'>significationem</span> <span class='ocrx_word' id='word_1_201' title='bbox 2408 2659 2519 2724; x_wconf 88' lang='lat' dir='ltr'>ad-</span> 
     </span>
     <span class='ocr_line' id='line_1_24' title="bbox 272 2759 2522 2852; baseline 0 -24"><span class='ocrx_word' id='word_1_202' title='bbox 272 2762 623 2829; x_wconf 86' lang='lat' dir='ltr'>verbialem</span> <span class='ocrx_word' id='word_1_203' title='bbox 666 2768 955 2829; x_wconf 89' lang='lat' dir='ltr'>evectum</span> <span class='ocrx_word' id='word_1_204' title='bbox 1001 2762 1203 2850; x_wconf 79' lang='grc' dir='ltr'><em>πρωΐ,</em></span> <span class='ocrx_word' id='word_1_205' title='bbox 1253 2760 1420 2852; x_wconf 79' lang='grc' dir='ltr'>πρῴ.</span> <span class='ocrx_word' id='word_1_206' title='bbox 1533 2764 1698 2831; x_wconf 88' lang='lat' dir='ltr'>Huic</span> <span class='ocrx_word' id='word_1_207' title='bbox 1740 2765 2093 2846; x_wconf 85' lang='lat' dir='ltr'>proximum</span> <span class='ocrx_word' id='word_1_208' title='bbox 2138 2767 2238 2828; x_wconf 88' lang='lat' dir='ltr'>est</span> <span class='ocrx_word' id='word_1_209' title='bbox 2278 2759 2522 2849; x_wconf 70' lang='grc' dir='ltr'><strong><em>προίϊος</em></strong></span> 
     </span>
     <span class='ocr_line' id='line_1_25' title="bbox 274 2862 2524 2955; baseline -0.001 -23"><span class='ocrx_word' id='word_1_210' title='bbox 274 2871 345 2932; x_wconf 87' lang='lat' dir='ltr'>et</span> <span class='ocrx_word' id='word_1_211' title='bbox 387 2865 759 2931; x_wconf 84' lang='lat' dir='ltr'>adverbium</span> <span class='ocrx_word' id='word_1_212' title='bbox 802 2864 949 2931; x_wconf 90' lang='lat' dir='ltr'>hinc</span> <span class='ocrx_word' id='word_1_213' title='bbox 972 2864 1308 2933; x_wconf 87' lang='lat' dir='ltr'>deflexum:</span> <span class='ocrx_word' id='word_1_214' title='bbox 1358 2862 1498 2933; x_wconf 76' lang='grc' dir='ltr'>ἀπὸ</span> <span class='ocrx_word' id='word_1_215' title='bbox 1542 2871 1658 2953; x_wconf 77' lang='grc' dir='ltr'>τῆς</span> <span class='ocrx_word' id='word_1_216' title='bbox 1703 2864 1837 2955; x_wconf 84' lang='grc' dir='ltr'>πρό</span> <span class='ocrx_word' id='word_1_217' title='bbox 1885 2865 2109 2951; x_wconf 76' lang='grc' dir='ltr'><strong><em>γέγονε</em></strong></span> <span class='ocrx_word' id='word_1_218' title='bbox 2157 2862 2364 2949; x_wconf 80' lang='grc' dir='ltr'><strong><em>προΐα</em></strong></span> <span class='ocrx_word' id='word_1_219' title='bbox 2411 2865 2524 2930; x_wconf 79' lang='grc' dir='ltr'>καὶ</span> 
     </span>
     <span class='ocr_line' id='line_1_26' title="bbox 232 2960 2521 3057; baseline -0 -24"><span class='ocrx_word' id='word_1_220' title='bbox 232 2960 238 2967; x_wconf 61' lang='grc'>’</span> <span class='ocrx_word' id='word_1_221' title='bbox 273 2964 317 3055; x_wconf 81' lang='grc' dir='ltr'><em>ἢ</em></span> <span class='ocrx_word' id='word_1_222' title='bbox 355 2965 690 3055; x_wconf 72' lang='grc' dir='ltr'><strong><em>αἰτιατική</em></strong></span> <span class='ocrx_word' id='word_1_223' title='bbox 736 2965 989 3056; x_wconf 73' lang='grc' dir='ltr'><strong><em>προΐειν</em></strong></span> <span class='ocrx_word' id='word_1_224' title='bbox 1032 2968 1142 3035; x_wconf 81' lang='grc' dir='ltr'>καὶ</span> <span class='ocrx_word' id='word_1_225' title='bbox 1165 2965 1424 3037; x_wconf 73' lang='grc' dir='ltr'><strong><em>ἐκτάσει</em></strong></span> <span class='ocrx_word' id='word_1_226' title='bbox 1475 2968 1738 3057; x_wconf 79' lang='grc' dir='ltr'><strong><em>πρωΐαν</em></strong></span> <span class='ocrx_word' id='word_1_227' title='bbox 1782 2968 1893 3036; x_wconf 84' lang='grc' dir='ltr'>καὶ</span> <span class='ocrx_word' id='word_1_228' title='bbox 1938 2965 2217 3049; x_wconf 82' lang='grc' dir='ltr'><strong><em>ἶιονικῶς</em></strong></span> <span class='ocrx_word' id='word_1_229' title='bbox 2262 2965 2521 3055; x_wconf 77' lang='grc' dir='ltr'>πρωΐην</span> 
     </span>
     <span class='ocr_line' id='line_1_27' title="bbox 274 3068 2523 3161; baseline 0 -25"><span class='ocrx_word' id='word_1_230' title='bbox 274 3072 387 3137; x_wconf 80' lang='grc' dir='ltr'>καὶ</span> <span class='ocrx_word' id='word_1_231' title='bbox 412 3071 581 3139; x_wconf 78' lang='grc' dir='ltr'><strong><em>κατὰ</em></strong></span> <span class='ocrx_word' id='word_1_232' title='bbox 625 3070 1000 3157; x_wconf 75' lang='grc' dir='ltr'><strong><em>συναίρεσιν</em></strong></span> <span class='ocrx_word' id='word_1_233' title='bbox 1023 3069 1252 3161; x_wconf 79' lang='grc' dir='ltr'><em>πρῴην</em></span> <span class='ocrx_word' id='word_1_234' title='bbox 1279 3073 1654 3155; x_wconf 79' lang='lat' dir='ltr'>Theognost.</span> <span class='ocrx_word' id='word_1_235' title='bbox 1708 3070 1844 3138; x_wconf 79' lang='lat'>154.</span> <span class='ocrx_word' id='word_1_236' title='bbox 1870 3068 1972 3153; x_wconf 86' lang='lat'>34,</span> <span class='ocrx_word' id='word_1_237' title='bbox 2003 3073 2234 3155; x_wconf 85' lang='lat' dir='ltr'>quibus</span> <span class='ocrx_word' id='word_1_238' title='bbox 2259 3072 2464 3154; x_wconf 87' lang='lat' dir='ltr'>Epim.</span> <span class='ocrx_word' id='word_1_239' title='bbox 2489 3071 2523 3136; x_wconf 92' lang='lat' dir='ltr'>I</span> 
     </span>
     <span class='ocr_line' id='line_1_28' title="bbox 276 3171 2519 3261; baseline 0.001 -23"><span class='ocrx_word' id='word_1_240' title='bbox 276 3171 423 3239; x_wconf 87' lang='grc'><strong>398.</strong></span> <span class='ocrx_word' id='word_1_241' title='bbox 453 3171 540 3238; x_wconf 92' lang='grc'>24</span> <span class='ocrx_word' id='word_1_242' title='bbox 585 3174 878 3240; x_wconf 89' lang='lat' dir='ltr'>continuo</span> <span class='ocrx_word' id='word_1_243' title='bbox 919 3174 1099 3240; x_wconf 87' lang='lat' dir='ltr'>addit</span> <span class='ocrx_word' id='word_1_244' title='bbox 1152 3174 1265 3243; x_wconf 78' lang='grc' dir='ltr'>καὶ</span> <span class='ocrx_word' id='word_1_245' title='bbox 1328 3171 1459 3257; x_wconf 58' lang='lat' dir='ltr'>&amp;figet</span> <span class='ocrx_word' id='word_1_246' title='bbox 1529 3176 1601 3241; x_wconf 76' lang='grc' dir='ltr'>τὸ</span> <span class='ocrx_word' id='word_1_247' title='bbox 1655 3179 1707 3261; x_wconf 71' lang='grc' dir='ltr'>Τ,</span> <span class='ocrx_word' id='word_1_248' title='bbox 1772 3176 1950 3242; x_wconf 88' lang='lat' dir='ltr'>cuius</span> <span class='ocrx_word' id='word_1_249' title='bbox 2015 3177 2353 3258; x_wconf 84' lang='lat' dir='ltr'>vestigium</span> <span class='ocrx_word' id='word_1_250' title='bbox 2417 3193 2519 3240; x_wconf 91' lang='lat' dir='ltr'>re-</span> 
     </span>
     <span class='ocr_line' id='line_1_29' title="bbox 164 3274 2523 3373; baseline -0 -30"><span class='ocrx_word' id='word_1_251' title='bbox 164 3358 173 3373; x_wconf 27' lang='lat' dir='ltr'>x</span> <span class='ocrx_word' id='word_1_252' title='bbox 273 3278 497 3344; x_wconf 84' lang='lat' dir='ltr'>lictum</span> <span class='ocrx_word' id='word_1_253' title='bbox 519 3283 622 3343; x_wconf 89' lang='lat' dir='ltr'>est</span> <span class='ocrx_word' id='word_1_254' title='bbox 640 3278 707 3344; x_wconf 92' lang='lat' dir='ltr'>in</span> <span class='ocrx_word' id='word_1_255' title='bbox 729 3278 921 3343; x_wconf 89' lang='lat' dir='ltr'>schol.</span> <span class='ocrx_word' id='word_1_256' title='bbox 946 3278 1018 3344; x_wconf 92' lang='lat'>11.</span> <span class='ocrx_word' id='word_1_257' title='bbox 1042 3278 1162 3343; x_wconf 94' lang='lat' dir='ltr'>XV</span> <span class='ocrx_word' id='word_1_258' title='bbox 1185 3274 1328 3358; x_wconf 79' lang='lat'>470,</span> <span class='ocrx_word' id='word_1_259' title='bbox 1376 3278 1490 3343; x_wconf 89' lang='lat' dir='ltr'>sed</span> <span class='ocrx_word' id='word_1_260' title='bbox 1513 3280 1663 3360; x_wconf 88' lang='lat' dir='ltr'>quia</span> <span class='ocrx_word' id='word_1_261' title='bbox 1685 3297 1724 3343; x_wconf 90' lang='lat' dir='ltr'>a</span> <span class='ocrx_word' id='word_1_262' title='bbox 1751 3277 2206 3360; x_wconf 85' lang='lat' dir='ltr'>significatione</span> <span class='ocrx_word' id='word_1_263' title='bbox 2229 3278 2523 3344; x_wconf 78' lang='lat' dir='ltr'>adjectivi</span> 
     </span>
     <span class='ocr_line' id='line_1_30' title="bbox 277 3379 2521 3464; baseline -0.001 -18"><span class='ocrx_word' id='word_1_264' title='bbox 277 3379 563 3461; x_wconf 81' lang='lat' dir='ltr'>descivit,</span> <span class='ocrx_word' id='word_1_265' title='bbox 607 3382 981 3463; x_wconf 89' lang='lat' dir='ltr'>plerumque</span> <span class='ocrx_word' id='word_1_266' title='bbox 1020 3380 1401 3447; x_wconf 87' lang='lat' dir='ltr'>nonhabet.</span> <span class='ocrx_word' id='word_1_267' title='bbox 1448 3381 1532 3464; x_wconf 88' lang='lat' dir='ltr'>[v.</span> <span class='ocrx_word' id='word_1_268' title='bbox 1577 3380 1745 3447; x_wconf 72' lang='lat' dir='ltr'>Diss</span> <span class='ocrx_word' id='word_1_269' title='bbox 1790 3381 1915 3446; x_wconf 90' lang='lat' dir='ltr'>VII</span> <span class='ocrx_word' id='word_1_270' title='bbox 1956 3381 2025 3445; x_wconf 88' lang='lat' dir='ltr'>P.</span> <span class='ocrx_word' id='word_1_271' title='bbox 2070 3380 2168 3445; x_wconf 90' lang='lat'>111</span> <span class='ocrx_word' id='word_1_272' title='bbox 2215 3379 2282 3445; x_wconf 83' lang='lat' dir='ltr'>O.</span> <span class='ocrx_word' id='word_1_273' title='bbox 2326 3380 2359 3444; x_wconf 93' lang='grc'>1</span> <span class='ocrx_word' id='word_1_274' title='bbox 2402 3380 2457 3464; x_wconf 65' lang='grc' dir='ltr'>ἓ.</span> <span class='ocrx_word' id='word_1_275' title='bbox 2480 3379 2521 3444; x_wconf 90' lang='grc'><strong>2</strong></span> 
     </span>
     <span class='ocr_line' id='line_1_31' title="bbox 280 3481 2445 3569; baseline 0 -20"><span class='ocrx_word' id='word_1_276' title='bbox 280 3501 328 3549; x_wconf 89' lang='lat' dir='ltr'>s.</span> <span class='ocrx_word' id='word_1_277' title='bbox 371 3481 500 3564; x_wconf 62' lang='lat' dir='ltr'>fin„</span> <span class='ocrx_word' id='word_1_278' title='bbox 545 3482 713 3550; x_wconf 72' lang='lat' dir='ltr'>Diss</span> <span class='ocrx_word' id='word_1_279' title='bbox 756 3482 915 3550; x_wconf 91' lang='lat' dir='ltr'><strong>VIII</strong></span> <span class='ocrx_word' id='word_1_280' title='bbox 960 3482 1027 3549; x_wconf 88' lang='lat' dir='ltr'>C.</span> <span class='ocrx_word' id='word_1_281' title='bbox 1072 3484 1103 3548; x_wconf 96' lang='lat' dir='ltr'>I</span> <span class='ocrx_word' id='word_1_282' title='bbox 1149 3485 1203 3569; x_wconf 63' lang='grc' dir='ltr'>ξ.</span> <span class='ocrx_word' id='word_1_283' title='bbox 1249 3486 1307 3551; x_wconf 93' lang='grc'>2.</span> <span class='ocrx_word' id='word_1_284' title='bbox 1355 3504 1403 3550; x_wconf 79' lang='lat' dir='ltr'>s,</span> <span class='ocrx_word' id='word_1_285' title='bbox 1449 3483 1572 3566; x_wconf 86' lang='lat' dir='ltr'>fin.‚</span> <span class='ocrx_word' id='word_1_286' title='bbox 1619 3484 1694 3551; x_wconf 82' lang='lat' dir='ltr'>cf.</span> <span class='ocrx_word' id='word_1_287' title='bbox 1726 3484 2011 3567; x_wconf 81' lang='lat' dir='ltr'>Prolegg.</span> <span class='ocrx_word' id='word_1_288' title='bbox 2055 3503 2115 3567; x_wconf 89' lang='lat' dir='ltr'>p.</span> <span class='ocrx_word' id='word_1_289' title='bbox 2161 3481 2288 3549; x_wconf 89' lang='grc'>360</span> <span class='ocrx_word' id='word_1_290' title='bbox 2334 3481 2445 3568; x_wconf 91' lang='lat' dir='ltr'>in.]</span> 
     </span>
    </p>
   </div>
   <div class='ocr_carea' id='block_1_7' title="bbox 280 3635 2525 4402">
    <p class='ocr_par' dir='ltr' id='par_1_7' title="bbox 280 3635 2525 4402">
     <span class='ocr_line' id='line_1_32' title="bbox 415 3635 2524 3713; baseline -0.001 -19"><span class='ocrx_word' id='word_1_291' title='bbox 415 3640 476 3701; x_wconf 78' lang='lat'>2)</span> <span class='ocrx_word' id='word_1_292' title='bbox 509 3640 575 3692; x_wconf 87' lang='lat' dir='ltr'>In</span> <span class='ocrx_word' id='word_1_293' title='bbox 609 3641 740 3694; x_wconf 79' lang='lat' dir='ltr'>Hes.</span> <span class='ocrx_word' id='word_1_294' title='bbox 776 3639 979 3706; x_wconf 79' lang='lat' dir='ltr'>Theog.</span> <span class='ocrx_word' id='word_1_295' title='bbox 1017 3635 1123 3693; x_wconf 71' lang='lat'>340</span> <span class='ocrx_word' id='word_1_296' title='bbox 1177 3641 1366 3693; x_wconf 79' lang='grc' dir='ltr'>Φᾶσίν</span> <span class='ocrx_word' id='word_1_297' title='bbox 1418 3657 1476 3696; x_wconf 78' lang='grc' dir='ltr'>τε</span> <span class='ocrx_word' id='word_1_298' title='bbox 1515 3636 1709 3708; x_wconf 78' lang='grc' dir='ltr'>Ῥῆσόν</span> <span class='ocrx_word' id='word_1_299' title='bbox 1744 3637 1784 3692; x_wconf 76' lang='grc' dir='ltr'>τ’</span> <span class='ocrx_word' id='word_1_300' title='bbox 1818 3637 2110 3710; x_wconf 80' lang='grc' dir='ltr'>Ἀχελώϊον</span> <span class='ocrx_word' id='word_1_301' title='bbox 2144 3637 2524 3713; x_wconf 78' lang='grc' dir='ltr'><em>ἀργυροδίνην</em></span> 
     </span>
     <span class='ocr_line' id='line_1_33' title="bbox 282 3722 2521 3798; baseline 0.001 -21"><span class='ocrx_word' id='word_1_302' title='bbox 282 3725 423 3778; x_wconf 81' lang='lat' dir='ltr'>docti</span> <span class='ocrx_word' id='word_1_303' title='bbox 457 3728 674 3794; x_wconf 81' lang='lat' dir='ltr'>quidam</span> <span class='ocrx_word' id='word_1_304' title='bbox 711 3726 973 3792; x_wconf 80' lang='lat' dir='ltr'>asyndeto</span> <span class='ocrx_word' id='word_1_305' title='bbox 1011 3725 1199 3777; x_wconf 84' lang='lat' dir='ltr'>offensi</span> <span class='ocrx_word' id='word_1_306' title='bbox 1234 3735 1572 3780; x_wconf 82' lang='lat' dir='ltr'>correxerunt</span> <span class='ocrx_word' id='word_1_307' title='bbox 1598 3722 1867 3795; x_wconf 77' lang='grc' dir='ltr'><em>’Λχελῷόν</em></span> <span class='ocrx_word' id='word_1_308' title='bbox 1901 3723 1940 3778; x_wconf 79' lang='grc' dir='ltr'>τ’</span> <span class='ocrx_word' id='word_1_309' title='bbox 1984 3723 2128 3798; x_wconf 56' lang='grc' dir='ltr'><em>ἄρηα,</em></span> <span class='ocrx_word' id='word_1_310' title='bbox 2166 3742 2298 3794; x_wconf 84' lang='lat' dir='ltr'>quos</span> <span class='ocrx_word' id='word_1_311' title='bbox 2333 3733 2521 3779; x_wconf 75' lang='lat' dir='ltr'>contra</span> 
     </span>
     <span class='ocr_line' id='line_1_34' title="bbox 284 3811 2525 3882; baseline 0.001 -18"><span class='ocrx_word' id='word_1_312' title='bbox 284 3812 636 3881; x_wconf 73' lang='lat' dir='ltr'>Goettlingius</span> <span class='ocrx_word' id='word_1_313' title='bbox 658 3812 816 3876; x_wconf 73' lang='lat' dir='ltr'>„haec</span> <span class='ocrx_word' id='word_1_314' title='bbox 848 3811 1122 3864; x_wconf 62' lang='lat' dir='ltr'>conto-atio</span> <span class='ocrx_word' id='word_1_315' title='bbox 1169 3828 1276 3864; x_wconf 77' lang='lat' dir='ltr'>non</span> <span class='ocrx_word' id='word_1_316' title='bbox 1309 3813 1446 3866; x_wconf 76' lang='lat' dir='ltr'>decet</span> <span class='ocrx_word' id='word_1_317' title='bbox 1481 3813 1749 3882; x_wconf 73' lang='lat' dir='ltr'>wntiquum</span> <span class='ocrx_word' id='word_1_318' title='bbox 1778 3814 2031 3881; x_wconf 77' lang='lat' dir='ltr'>poetam“.</span> <span class='ocrx_word' id='word_1_319' title='bbox 2098 3814 2204 3865; x_wconf 85' lang='lat' dir='ltr'>Hic</span> <span class='ocrx_word' id='word_1_320' title='bbox 2236 3816 2417 3865; x_wconf 81' lang='lat' dir='ltr'>nescio</span> <span class='ocrx_word' id='word_1_321' title='bbox 2454 3829 2525 3866; x_wconf 79' lang='lat' dir='ltr'>an</span> 
     </span>
     <span class='ocr_line' id='line_1_35' title="bbox 281 3896 2525 3968; baseline 0.001 -17"><span class='ocrx_word' id='word_1_322' title='bbox 281 3898 543 3952; x_wconf 64' lang='lat' dir='ltr'>adiectiva</span> <span class='ocrx_word' id='word_1_323' title='bbox 580 3916 742 3968; x_wconf 76' lang='lat' dir='ltr'>supra</span> <span class='ocrx_word' id='word_1_324' title='bbox 777 3899 918 3951; x_wconf 80' lang='lat' dir='ltr'>dicta</span> <span class='ocrx_word' id='word_1_325' title='bbox 953 3901 1286 3965; x_wconf 79' lang='lat' dir='ltr'>spectaverit,</span> <span class='ocrx_word' id='word_1_326' title='bbox 1323 3915 1461 3966; x_wconf 80' lang='lat' dir='ltr'>quae</span> <span class='ocrx_word' id='word_1_327' title='bbox 1495 3916 1531 3951; x_wconf 77' lang='lat' dir='ltr'>a</span> <span class='ocrx_word' id='word_1_328' title='bbox 1565 3900 1721 3952; x_wconf 79' lang='lat' dir='ltr'>certis</span> <span class='ocrx_word' id='word_1_329' title='bbox 1758 3896 2364 3953; x_wconf 61' lang='lat' dir='ltr'>substantivis‘derivata</span> <span class='ocrx_word' id='word_1_330' title='bbox 2400 3908 2525 3954; x_wconf 82' lang='lat' dir='ltr'>sunt</span> 
     </span>
     <span class='ocr_line' id='line_1_36' title="bbox 280 3986 2521 4051; baseline 0 -13"><span class='ocrx_word' id='word_1_331' title='bbox 280 3987 551 4039; x_wconf 79' lang='lat' dir='ltr'>intellectu</span> <span class='ocrx_word' id='word_1_332' title='bbox 585 3987 828 4051; x_wconf 79' lang='lat' dir='ltr'>divers03</span> <span class='ocrx_word' id='word_1_333' title='bbox 883 3986 1028 4037; x_wconf 77' lang='lat' dir='ltr'>fluvii</span> <span class='ocrx_word' id='word_1_334' title='bbox 1064 4000 1189 4037; x_wconf 84' lang='lat' dir='ltr'>vero</span> <span class='ocrx_word' id='word_1_335' title='bbox 1241 4001 1433 4038; x_wconf 86' lang='lat' dir='ltr'>nomen</span> <span class='ocrx_word' id='word_1_336' title='bbox 1471 3987 1854 4040; x_wconf 81' lang='lat' dir='ltr'>substantivum</span> <span class='ocrx_word' id='word_1_337' title='bbox 1892 3993 1973 4040; x_wconf 77' lang='lat' dir='ltr'>est</span> <span class='ocrx_word' id='word_1_338' title='bbox 2008 3988 2521 4041; x_wconf 78' lang='lat' dir='ltr'>metaschematismo</span> 
     </span>
     <span class='ocr_line' id='line_1_37' title="bbox 280 4068 2523 4141; baseline 0 -17"><span class='ocrx_word' id='word_1_339' title='bbox 280 4073 476 4139; x_wconf 76' lang='lat' dir='ltr'>triplici</span> <span class='ocrx_word' id='word_1_340' title='bbox 507 4068 770 4141; x_wconf 78' lang='grc' dir='ltr'><strong><em>Ἀχελῶος</em></strong></span> <span class='ocrx_word' id='word_1_341' title='bbox 802 4073 969 4140; x_wconf 80' lang='lat' dir='ltr'>vulgo</span> <span class='ocrx_word' id='word_1_342' title='bbox 1006 4074 1199 4137; x_wconf 82' lang='lat' dir='ltr'>tritum,</span> <span class='ocrx_word' id='word_1_343' title='bbox 1233 4089 1282 4124; x_wconf 89' lang='lat' dir='ltr'>v.</span> <span class='ocrx_word' id='word_1_344' title='bbox 1321 4073 1488 4139; x_wconf 89' lang='lat' dir='ltr'>Popp.</span> <span class='ocrx_word' id='word_1_345' title='bbox 1525 4071 1769 4139; x_wconf 79' lang='lat' dir='ltr'>Thucyd.</span> <span class='ocrx_word' id='word_1_346' title='bbox 1803 4073 1967 4126; x_wconf 88' lang='lat' dir='ltr'>Proll.</span> <span class='ocrx_word' id='word_1_347' title='bbox 2004 4074 2066 4129; x_wconf 90' lang='grc' dir='ltr'>Τ.</span> <span class='ocrx_word' id='word_1_348' title='bbox 2101 4073 2157 4126; x_wconf 91' lang='lat'>11</span> <span class='ocrx_word' id='word_1_349' title='bbox 2195 4072 2314 4140; x_wconf 78' lang='lat'><strong>145,</strong></span> <span class='ocrx_word' id='word_1_350' title='bbox 2349 4075 2523 4127; x_wconf 87' lang='lat' dir='ltr'>vocali</span> 
     </span>
     <span class='ocr_line' id='line_1_38' title="bbox 283 4155 2521 4227; baseline 0 -18"><span class='ocrx_word' id='word_1_351' title='bbox 283 4165 495 4210; x_wconf 72' lang='lat' dir='ltr'>auctum</span> <span class='ocrx_word' id='word_1_352' title='bbox 523 4155 808 4227; x_wconf 73' lang='grc' dir='ltr'><strong><em>Ἀχελώϊος</em></strong></span> <span class='ocrx_word' id='word_1_353' title='bbox 859 4165 912 4211; x_wconf 85' lang='lat' dir='ltr'>et</span> <span class='ocrx_word' id='word_1_354' title='bbox 965 4159 1091 4212; x_wconf 68' lang='lat' dir='ltr'>hinc</span> <span class='ocrx_word' id='word_1_355' title='bbox 1126 4164 1453 4211; x_wconf 80' lang='lat' dir='ltr'>contractum</span> <span class='ocrx_word' id='word_1_356' title='bbox 1482 4155 1767 4226; x_wconf 65' lang='grc' dir='ltr'>Ἀχελῷος,</span> <span class='ocrx_word' id='word_1_357' title='bbox 1803 4161 1859 4210; x_wconf 90' lang='lat' dir='ltr'>in</span> <span class='ocrx_word' id='word_1_358' title='bbox 1906 4177 2010 4226; x_wconf 88' lang='lat' dir='ltr'>quo</span> <span class='ocrx_word' id='word_1_359' title='bbox 2048 4160 2327 4227; x_wconf 83' lang='lat' dir='ltr'>Sophoclis</span> <span class='ocrx_word' id='word_1_360' title='bbox 2348 4199 2362 4223; x_wconf 89' lang='lat'>‚</span> <span class='ocrx_word' id='word_1_361' title='bbox 2414 4160 2521 4211; x_wconf 86' lang='lat' dir='ltr'>Eu-</span> 
     </span>
     <span class='ocr_line' id='line_1_39' title="bbox 284 4242 2522 4314; baseline -0 -18"><span class='ocrx_word' id='word_1_362' title='bbox 284 4244 466 4313; x_wconf 78' lang='lat' dir='ltr'>ripidis</span> <span class='ocrx_word' id='word_1_363' title='bbox 499 4252 558 4298; x_wconf 82' lang='lat' dir='ltr'>et</span> <span class='ocrx_word' id='word_1_364' title='bbox 597 4242 928 4313; x_wconf 79' lang='lat' dir='ltr'>Thucydidis</span> <span class='ocrx_word' id='word_1_365' title='bbox 962 4245 1087 4298; x_wconf 85' lang='lat' dir='ltr'>libri</span> <span class='ocrx_word' id='word_1_366' title='bbox 1120 4247 1484 4311; x_wconf 79' lang='lat' dir='ltr'>consentiunt,</span> <span class='ocrx_word' id='word_1_367' title='bbox 1536 4261 1637 4297; x_wconf 87' lang='lat' dir='ltr'>nec</span> <span class='ocrx_word' id='word_1_368' title='bbox 1689 4251 1832 4297; x_wconf 81' lang='lat' dir='ltr'>recte</span> <span class='ocrx_word' id='word_1_369' title='bbox 1865 4253 2129 4314; x_wconf 78' lang='lat' dir='ltr'>repugnat</span> <span class='ocrx_word' id='word_1_370' title='bbox 2160 4248 2228 4298; x_wconf 78' lang='lat' dir='ltr'>A.</span> <span class='ocrx_word' id='word_1_371' title='bbox 2264 4246 2522 4296; x_wconf 75' lang='lat' dir='ltr'>Matthiae</span> 
     </span>
     <span class='ocr_line' id='line_1_40' title="bbox 290 4327 2415 4402; baseline 0.001 -20"><span class='ocrx_word' id='word_1_372' title='bbox 290 4332 341 4382; x_wconf 78' lang='lat' dir='ltr'>in</span> <span class='ocrx_word' id='word_1_373' title='bbox 374 4333 510 4388; x_wconf 73' lang='lat' dir='ltr'>Lex.</span> <span class='ocrx_word' id='word_1_374' title='bbox 543 4333 725 4399; x_wconf 73' lang='lat' dir='ltr'>Eur-ip.</span> <span class='ocrx_word' id='word_1_375' title='bbox 797 4332 862 4384; x_wconf 85' lang='lat' dir='ltr'>In</span> <span class='ocrx_word' id='word_1_376' title='bbox 893 4334 1024 4389; x_wconf 83' lang='lat' dir='ltr'>Hes.</span> <span class='ocrx_word' id='word_1_377' title='bbox 1059 4333 1097 4387; x_wconf 87' lang='lat' dir='ltr'>l.</span> <span class='ocrx_word' id='word_1_378' title='bbox 1134 4329 1181 4388; x_wconf 63' lang='grc' dir='ltr'>οἵ</span> <span class='ocrx_word' id='word_1_379' title='bbox 1217 4334 1409 4402; x_wconf 74' lang='lat' dir='ltr'>copula</span> <span class='ocrx_word' id='word_1_380' title='bbox 1443 4348 1606 4401; x_wconf 75' lang='lat' dir='ltr'>aegre</span> <span class='ocrx_word' id='word_1_381' title='bbox 1640 4346 1896 4388; x_wconf 78' lang='lat' dir='ltr'>caremus.</span> <span class='ocrx_word' id='word_1_382' title='bbox 1935 4328 2071 4398; x_wconf 85' lang='lat' dir='ltr'>[vol.</span> <span class='ocrx_word' id='word_1_383' title='bbox 2108 4333 2137 4384; x_wconf 92' lang='lat'>1</span> <span class='ocrx_word' id='word_1_384' title='bbox 2173 4332 2275 4385; x_wconf 73' lang='lat'>454</span> <span class='ocrx_word' id='word_1_385' title='bbox 2312 4327 2415 4396; x_wconf 58' lang='grc' dir='ltr'>οφ]</span> 
     </span>
    </p>
   </div>
  </div>
 </body>
</html>
