2946 4928
406 326 531 395 140
698 394 703 400 ,
1172 325 1730 394 DISSERTATIO
1789 326 1904 436 -VL

401 495 627 574 δοῖμεῡ
693 496 759 557 et
822 491 1126 573 peculiari
1170 492 1443 574 quodam
1502 491 1887 574 tragicorum
1929 509 2051 557 usu
2093 490 2161 555 in
2202 508 2464 557 numero
2510 491 2639 557 sin-

398 596 602 677 gulari
647 594 917 681 τρέφοιν
973 599 1040 660 et
1085 588 1426 681 ἆμάρτοιν,
1497 613 1659 678 quae
1702 588 2105 661 Herodianus
2175 613 2254 660 ex
2297 593 2639 661 anadrome

399 705 540 767 orta
605 699 846 779 statuit,
898 717 955 764 v.
998 697 1264 765 Elemm.
1308 697 1342 763 I
1386 697 1531 763 331.
1581 736 1653 746 —
1704 697 1916 763 Attico
1958 691 2332 786 μελογχρής
2375 699 2642 781 simplex

398 804 608 885 potius
651 802 884 868 vocalis
929 820 1136 884 quam,
1180 805 1256 865 ut
1295 806 1548 868 veteres
1591 802 1828 881 volunt,
1875 799 2305 882 diphthongus
2352 801 2639 867 detracta

400 911 515 987 est,
561 926 618 972 v.
662 905 928 970 Elemm.
972 904 1007 970 Ι
1049 902 1173 969 315
1220 903 1479 988 [Parall.
1525 903 1699 990 256}
1727 941 1800 953 --
1836 904 2019 970 Hanc
2062 904 2470 986 subsequitur
2513 905 2645 971 iota

400 1010 717 1090 integrum
757 1011 824 1075 in
867 1007 1112 1091 poetico
1145 1004 1330 1084 οἷίες,
1378 1007 1481 1072 cui
1501 1006 1829 1073 Bentleius
1861 1007 1945 1072 ad
1976 1004 2217 1072 Gallim.
2241 1007 2307 1071 in
2330 1006 2532 1089 Apoll.
2558 1009 2641 1073 52

398 1111 640 1180 confert
683 1111 1063 1178 adjectivum
1098 1104 1358 1193 ὁμοίιος
1400 1110 1559 1191 pari,
1604 1115 1679 1175 ut
1719 1116 1919 1193 putat,
1964 1112 2330 1192 pleonasmo
2354 1115 2641 1190 auctum3

402 1216 517 1282 sed
559 1214 786 1294 differt,
833 1213 1003 1295 quod
1042 1213 1109 1277 in
1150 1212 1262 1277 illa
1305 1212 1441 1278 sola
1485 1214 1807 1294 quantitas
1851 1219 2147 1297 augetur:
2196 1205 2327 1291 οἶες
2353 1232 2471 1294 pro
2515 1205 2639 1294 ὄϊς,

400 1324 474 1387 ut
516 1313 792 1403 Εὖβοιίς
835 1316 1066 1383 dicitur
1122 1333 1237 1397 pro
1282 1311 1545 1399 Εὐβοΐς,
1612 1317 1679 1382 in
1727 1317 2036 1383 adjectivo
2081 1320 2295 1382 autem
2337 1334 2639 1395 numerus

401 1422 787 1506 syllabarum
809 1419 1098 1486 similiter
1121 1418 1375 1500 proprio
1390 1415 1957 1487 Bou'dvanthol.
1987 1418 2243 1504 [Phryn.
2257 1417 2341 1484 87
2357 1419 2497 1504 sq.].
2542 1419 2639 1486 De

401 1527 764 1609 pleonasmo
789 1522 1187 1590 consentiunt
1206 1525 1476 1602 vetereS‚
1520 1541 1577 1588 v,
1590 1521 1855 1589 Elemm.
1878 1523 1912 1589 Ι
1932 1522 2079 1605 469,
2125 1528 2192 1590 et
2214 1523 2640 1589 Buttmannus

402 1638 650 1712 quoque
675 1626 826 1713 §.27
842 1623 1041 1691 adn.8
1064 1623 1272 1706 epicos
1292 1641 1419 1689 non
1442 1625 1647 1691 solum
1670 1626 1995 1692 adiectivis
2023 1620 2309 1710 ὁμοίιος,
2334 1624 2638 1713 γελοίως,

404 1732 518 1799 sed
583 1731 778 1797 etiam
853 1728 1146 1794 dualibus
1226 1719 1466 1812 ὤμοιιν
1542 1733 1661 1795 etc.
1737 1730 1869 1795 iota
1931 1729 2276 1796 inseruisse
2352 1734 2537 1812 putat
2564 1728 2641 1813 1);

404 1835 809 1900 Thierschius
851 1851 1002 1898 vero
1047 1832 1103 1917 ξ.
1154 1829 1274 1896 183
1318 1850 1379 1896 n.
1422 1829 1465 1896 8
1511 1831 1731 1898 duales
1775 1851 1993 1900 omnes
2036 1833 2385 1916 antiquitus
2428 1833 2495 1898 in
2536 1833 2645 1906 ὁῖῷ

404 1939 609 2004 exisse
654 1937 1030 2019 suspicatur.
1119 1933 1217 1998 Ab
1241 1952 1363 1998 usu
1386 1937 1699 2002 communi
1719 1937 1879 2003 haec
1899 1937 2259 2003 terminatio
2280 1936 2643 2019 longissime

403 2041 718 2121 abhorret,
787 2044 855 2105 et
897 2038 1148 2107 omnino
1195 2036 1581 2121 diphthongo
1624 2040 1681 2110 ἶ,
1720 2058 1981 2122 perraro
2044 2040 2176 2105 iota
2246 2038 2646 2122 subiungitur

404 2149 471 2210 et
536 2145 603 2209 in
654 2161 780 2208 uno
825 2160 1054 2224 genere
1100 2141 1565 2224 Synthetorum:
1632 2140 1991 2223 μελοποιία
2035 2142 2216 2222 Plat.‚
2282 2142 2644 2210 κακοποιία

403 2248 614 2329 Isoer.‚
672 2242 948 2314 εὐποιία
993 2245 1209 2311 Arist.-
1279 2243 1611 2310 Novicium
1676 2250 1777 2312 est
1818 2242 2171 2326 αἰδοιικός,
2237 2264 2644 2319 numerorum

407 2369 600 2418 causa
643 2356 900 2418 auctum
944 2345 1221 2432 Εὐβοιΐς
1266 2346 1452 2431 Soph.

550 2588 923 2663 1)Ἁχαιικός,
981 2595 1123 2661 quod
1169 2594 1252 2645 his
1307 2594 1563 2661 adiungit,
1616 2594 1997 2661 diphthongum
2050 2610 2084 2646 a
2139 2595 2399 2661 primitivo
2429 2587 2645 2663 Ἀχαιός

405 2688 759 2750 propagatum
794 2682 956 2734 habet
992 2679 1079 2747 [ad
1113 2680 1312 2747 Pluyn.
1347 2678 1418 2733 39
1452 2678 1588 2748 ειη]

1330 3024 1739 3035 ...φῴ-
