2946 4928
570 328 576 338 ’
645 333 761 402 DE
804 333 1601 404 PROSGHEMATISMO.
1666 336 1736 404 P.
1758 336 1875 404 III.
1921 338 1987 405 Ο.
2011 339 2061 407 1.
2106 340 2161 426 ἓ.
2184 339 2244 406 2.
2415 339 2542 408 229

292 498 680 581 Ambiguum
746 504 846 566 est
901 502 1284 582 exemplum,
1352 502 1523 583 quod
1562 501 1940 568 Eustathius
2011 520 2047 569 e
2091 505 2371 572 tenebris
2414 506 2540 589 By-

203 614 216 624 *
291 603 545 669 zantiae
587 603 970 687 loquutionis
1014 605 1259 685 profert
1307 604 1445 671 158.
1495 604 1576 671 35
1643 605 1719 671 τὸ
1790 598 1979 691 ὄίφαρ
2043 605 2237 693 μέχρι
2308 607 2420 674 καὶ
2475 607 2544 687 ἐς

293 699 446 795 ἔρτι
516 707 952 793 περιφέρεται
1024 709 1210 796 παρὰ
1256 712 1397 787 τοῖς
1441 708 1737 794 λέγουσιν
1804 702 2070 797 ἆφαρί
2136 711 2211 777 τὸ
2284 706 2539 793 αὐτίκα,

291 831 442 878 nam
483 812 654 877 idem
698 811 886 877 aliter
934 813 1239 893 scriptum
1282 812 1350 877 in
1391 810 1537 877 EM.
1589 810 1728 878 175.
1780 811 1858 877 14
1911 814 2273 880 auctoribus
2315 815 2540 882 tribui·

293 921 402 983 tm·
441 916 628 997 longe
673 916 975 981 dimersis:
1043 912 1103 981 οἳ
1129 909 1352 994 ’Ἰωνες
1408 910 1666 1004 ἀφαρεί
1710 916 1974 1001 λέγουσι
2041 917 2117 983 τὸ
2163 919 2411 1000 ταχέως
2475 922 2543 984 et

296 1020 483 1100 paulo
524 1025 672 1101 post.
713 1040 769 1085 v.
806 1017 890 1085 24
936 1016 999 1086 οἱ
1037 1014 1489 1106 Ἀλεξανδρεῖς
1532 1015 1780 1108 ἄφαρεὶ
1827 1021 2104 1105 (ποιεῖν)
2149 1023 2419 1107 λέγουσι
2464 1023 2538 1089 τὸ

297 1123 569 1206 ταχέως,
655 1123 781 1188 nisi
858 1124 1157 1189 mendum
1222 1124 1444 1189 subest
1458 1174 1473 1204 ,
1565 1125 1732 1206 quod
1800 1123 2088 1190 Sturzius
2166 1126 2539 1208 suspicatur.

292 1226 754 1293 Adverbiorum
799 1226 1313 1292 dicatalectorum
1356 1231 1534 1293 extat
1575 1228 1757 1310 copia
1798 1229 2100 1294 maxima:
2178 1225 2371 1315 ἀωρί,
2418 1224 2540 1296 αὗ-

292 1327 525 1417 θαρεί,
573 1326 909 1418 ἂμερμηρί
937 1326 1144 1416 -,ρεί
1189 1334 1326 1410 etc„
1373 1329 1488 1395 sed
1531 1330 1741 1395 omnia
1784 1332 2132 1412 composita
2174 1337 2340 1413 sunt,
2384 1333 2543 1400 illud

294 1435 563 1516 simplex
607 1435 773 1500 sicut
814 1433 1179 1514 temporale,
1225 1433 1304 1499 de
1348 1451 1472 1515 quo
1517 1432 1894 1499 Eustathius
1936 1434 2216 1516 loquitur
2250 1433 2432 1501 1025.
2457 1432 2542 1502 38

294 1532 367 1605 ἐκ
414 1540 526 1603 τοῦ
571 1535 782 1623 πρωί
828 1536 897 1602 τὸ
942 1533 1223 1621 πρώιος,
1274 1532 1603 1663 πρώιμιος,
1652 1533 1949 1625 πρωιζά·
1997 1534 2423 1624 προϋπάρχει
2467 1539 2541 1608 δὲ

294 1635 573 1708 τούτων
591 1640 665 1705 τὸ
711 1636 1212 1725 μονοσιλλαβον
1257 1642 1445 1727 πρῶ,
1492 1629 1531 1706 ο
1578 1641 1771 1729 δηλοῖ
1814 1638 1979 1705 κατὰ
2030 1637 2421 1706 Παυσανίαν
2463 1640 2540 1707 τὸ

298 1742 498 1832 πρωί
594 1740 804 1834 Stirps
846 1743 1126 1808 omnium
1168 1748 1272 1809 est
1337 1739 1475 1831 πρό
1517 1744 1930 1827 praepositio,
1996 1743 2144 1809 hinc
2210 1743 2361 1831 πρώ
2425 1762 2542 1827 per

295 1847 620 1930 epectasin
685 1851 752 1912 et
817 1844 1002 1933 πρωί
1065 1847 1231 1928 sive,
1289 1853 1366 1911 ut
1405 1865 1572 1913 nunc
1625 1847 1795 1929 apud
1837 1846 2184 1912 Homerum
2227 1846 2540 1929 scribitur,

296 1955 478 2040 πρῶι
524 1945 663 2015 κατ’
714 1945 1061 2018 ἐπέκτασιν
1124 1953 1244 2016 τοῦ
1300 1987 1329 2022 o
1381 1976 1479 2030 εις
1523 1986 1566 2021 ω
1618 1950 1784 2034 μετὰ
1842 1951 1959 2016 τοῦ
2004 1949 2244 2018 Ῑ.ΕΜ
2290 1948 2436 2016 692.
2479 1950 2541 2033 4,

295 2073 421 2139 quo
464 2053 710 2119 accedit
729 2055 1112 2136 synaeresis:
1161 2051 1314 2143 πρῴ
1358 2051 1640 2133 ἅττικῶς
1684 2048 1988 2133 ὀξύνεται
2030 2056 2144 2122 καὶ
2187 2053 2263 2121 τὸ
2310 2058 2364 2126 ’ἵ
2407 2054 2541 2140 ἔχει

295 2152 436 2224 ἀπὸ
502 2160 623 2222 τοῦ
670 2153 852 2244 πρωί
911 2156 1255 2243 γενόμενον
1323 2151 1421 2235 ὥς.
1482 2153 1623 2223 ἀπὸ
1668 2154 1949 2245 βαρείας
2014 2156 2127 2225 καὶ
2183 2154 2409 2238 ὀξείας
2452 2153 2543 2239 ὥς

295 2256 547 2339 ἑσταώς
590 2257 796 2339 ἑστώς
841 2261 1042 2326 schol..
1075 2260 1270 2326 Arist.
1313 2259 1472 2342 qu.
1524 2258 1647 2325 132
1693 2258 1777 2344 [V.
1799 2279 1860 2342 p.
1888 2257 2020 2346 47].
2072 2295 2146 2308 --
2193 2249 2384 2328 Aliud
2428 2262 2540 2329 ad·

295 2364 584 2431 verbium
627 2364 975 2446 temporale
1021 2363 1212 2429 schol.
1257 2362 1516 2429 Lucian.
1562 2363 1642 2429 de
1689 2361 1842 2429 Salt.
1890 2363 1926 2448 ἓ
1971 2363 2010 2429 5
2055 2382 2116 2446 p.
2167 2361 2289 2430 143
2336 2364 2407 2433 Τ.
2450 2364 2543 2432 lv

294 2469 379 2536 ob
422 2470 698 2552 speciem
742 2468 1075 2551 antiptosis
1106 2467 1424 2550 designat:
1472 2468 1547 2533 τὸ
1592 2467 1686 2556 μὴ
1733 2463 1839 2556 ὥς,
1860 2493 1903 2533 α
1923 2491 2048 2535 σιν
2092 2463 2357 2536 ἅττικόν
2400 2466 2541 2537 ἐστι

295 2598 406 2639 και
454 2575 650 2638 τοῦτο
698 2569 1006 2638 σόλοικον
1051 2575 1357 2640 δοκοῦν·
1416 2562 1666 2658 ω’φειλε
1731 2572 1855 2659 γὰρ
1923 2570 2026 2659 μὴ
2096 2569 2310 2660 ω’ρας
2373 2564 2543 2640 εἶναι

296 2672 667 2764 αἰτιατικῇ,
730 2677 842 2740 νῦν
887 2674 961 2742 δὲ
1007 2670 1045 2758 ἡ
1094 2669 1321 2758 ἆττικὴ
1368 2669 1698 2760 συνήθεια
1745 2677 1977 2764 δοτικῇ
2020 2679 2267 2781 χρῆται
2322 2702 2540 2765 παρα·

295 2774 527 2866 λόγως.
616 2778 891 2844 Facilius
936 2782 1078 2844 erat
1118 2779 1252 2844 iota·
1293 2777 1710 2860 epectaticum
1753 2777 1981 2844 dicere.
2050 2776 2176 2844 Sed
2220 2779 2302 2845 ad
2323 2798 2542 2847 verum
2593 2856 2602 2866 ‚

292 2884 579 2967 proxime
624 2881 948 2962 accedunt,
995 2883 1130 2964 qui
1148 2881 1553 2963 syllabam*
1496 2915 1553 2951 a
1597 2881 1676 2946 ab
1722 2879 2020 2946 adverbio
2061 2880 2246 2948 locali
2287 2880 2543 2968 θύρασι

257 3000 264 3011 “
296 2986 381 3052 ad
424 2985 773 3067 temporale
819 2981 1030 3072 ὥρασι
1076 2983 1454 3049 translatam
1500 2983 1745 3064 dicunt,
1811 2983 2001 3065 idque
2055 2986 2306 3068 proprie
2352 2989 2541 3071 signi-

296 3088 491 3156 ficare
558 3085 626 3154 ἐν
693 3083 866 3177 ὥρᾳ,
937 3088 1068 3153 sive
1136 3086 1203 3153 ἐν
1269 3081 1504 3171 ὥραις,
1577 3087 1693 3152 sed
1747 3104 1888 3152 cum
1931 3086 2124 3154 verbo
2170 3090 2544 3157 adveniendi

300 3192 663 3275 copulatum
706 3195 990 3256 mutasse
1035 3180 1300 3277 azgad,
1320 3193 1395 3254 ut
1438 3189 1740 3256 adverbia
1782 3190 2009 3255 localia
2053 3190 2286 3271 solent,
2354 3196 2546 3274 atque

303 3294 395 3361 sic
436 3313 552 3376 pro
605 3289 701 3371 εἷς
744 3290 923 3378 ὥρας
988 3292 1111 3358 dici
1165 3292 1299 3359 fere
1364 3297 1439 3358 ut
1483 3293 1742 3359 Theocr.
1787 3292 1999 3358 XXIV
2042 3292 2084 3359 9
2153 3285 2376 3374 ἷίλβιοι
2446 3289 2545 3359 ἆῶ

179 3424 198 3441 2
297 3396 588 3472 ἵκοισθε,
631 3396 711 3463 cf.
758 3396 842 3461 ad
884 3395 1123 3461 Buttm.
1170 3394 1296 3461 352
1343 3400 1411 3461 et
1451 3395 1668 3478 Enger
1712 3394 1795 3460 ad
1839 3395 2035 3461 Arist.
2078 3395 2225 3478 Lys.
2272 3394 2414 3463 391.

474 3501 530 3585 ξ.
559 3499 632 3565 3.
732 3498 906 3565 Iota
989 3499 1203 3581 longi
1291 3499 1600 3565 ambitum
1687 3498 1988 3564 describit
2072 3497 2393 3564 technicus
2479 3498 2547 3564 in

296 3602 443 3669 EM.
490 3600 635 3667 341.
679 3600 763 3666 45
830 3600 997 3680 ἔθος
1041 3600 1302 3683 ἔχουσιν
1358 3628 1428 3667 αι
1475 3602 1686 3681 λέξεις
1754 3628 1822 3667 αι
1887 3598 1982 3679 εἷς
2027 3589 2395 3727 σύμφωνον
2429 3599 2544 3687 λή-

300 3729 532 3791 γουσαι
578 3705 896 3787 δέχεσθαι
942 3701 1289 3772 ἐπέκτασιν
1345 3705 1460 3792 τὴν
1509 3705 1620 3771 διὰ
1666 3708 1783 3769 τοῦ
1828 3707 1899 3773 ’ἴε
1967 3702 2167 3778 νυνί,
2239 3700 2547 3785 οὑτοσί,

303 3807 689 3876 ἐκεινοσί·
737 3834 803 3874 αι
852 3808 923 3875 δὲ
970 3804 1062 3885 εἷς
1106 3811 1364 3894 φωνῆεν
1410 3806 1728 3895 λήγουσαι
1758 3806 2104 3895 τρέπουσιν
2151 3803 2332 3886 εἷςῖ
2335 3827 2349 3872 :
2398 3802 2548 3891 ὁδί,

268 3908 561 3999 ·ὁευρί,
597 3902 937 3988 ἐνθαδί,
1003 3906 1049 3999 ἢ
1091 3911 1167 3978 τὸ
1215 3914 1269 3981 Τ
1315 3906 1906 3997 προσλαμβανουσι
1953 3910 2117 3976 κατὰ
2168 3907 2546 3978 διάστασινζ

302 4011 574 4101 αὑτηί,
643 4014 1005 4096 τουτουί,
1072 4012 1392 4100 τουτῳί.
1471 4013 1848 4085 ,Mensurae
1895 4012 2313 4079 differentiam
2368 4018 2550 4078 notat

297 4117 508 4184 Draco
559 4114 680 4183 106
729 4112 796 4184 αἱ
841 4116 1376 4199 ἐπεκτεινόμεναι
1424 4116 1538 4181 διὰ
1587 4120 1699 4182 τοῦ
1746 4118 1798 4184 ’ἶ
1845 4111 2244 4199 ἅντωνυμίαι
2290 4114 2548 4200 μακρὸν

302 4218 526 4302 ἔχουσι
572 4220 648 4286 τὸ
703 4221 755 4290 Τ
799 4211 941 4287 οἷον
988 4216 1378 4300 ἐκεινοσί,
1429 4215 1741 4295 οὑτοσί,
1792 4217 2264 4302 significationis
2294 4216 2547 4299 Apollo-

300 4324 444 4389 nius
486 4323 672 4413 Pron.
721 4324 801 4388 75
847 4318 1247 4408 ἇντωνυμίαι
1294 4318 1788 4412 δεικτικώτεραι
1834 4319 2172 4410 γινόμεναι
2196 4322 2546 4410 προσλαμ-
