2946 4928
859 317 975 387 nn
1019 316 1423 390 nonore.
1512 316 1898 405 c.v.§1;
2096 329 2107 342 „
2368 303 2497 392 sola

245 480 594 544 excusatur
633 481 955 546 nominum
1018 481 1416 563 propriorum
1470 479 2089 554 metaschematismo
2142 479 2493 563 multiplici,

244 580 337 645 de
379 599 504 661 quo
548 581 675 650 dixi
717 582 784 647 in
827 582 1015 648 Proll.
1061 581 1186 651 505
1233 581 1316 666 [v.
1342 581 1491 664 Cap.
1518 581 1688 667 VII].
1732 582 1953 668 Jasion
1993 582 2101 648 ille
2130 573 2210 649 'in
2238 582 2492 665 Dionys.

243 685 428 749 Antt.
472 683 507 748 I
550 683 652 750 61.
701 683 823 750 154
867 690 968 750 ter
996 682 1231 764 Ἴασος
1273 691 1552 766 vocatur,
1595 684 1820 749 Jasz'us
1868 683 2041 752 Serv.
2077 685 2233 752 Aen.
2270 685 2302 750 I
2345 685 2493 765 380,

240 783 615 862 111-15-et
677 785 955 852 vicissim
1018 787 1357 854 Atalantae
1427 794 1614 869 pater
1678 787 1720 854 J
1722 805 1871 852 asus
1937 787 2016 852 ab
2086 788 2350 853 Aeliano
2415 787 2492 853 V.

243 888 421 953 Hist.
466 887 627 953 XIII
664 883 954 954 Ἰασίων.
1005 926 1075 937 -
1145 890 1491 958 Praeterea
1532 889 2055 972 appellativorum
2099 889 2493 972 quorundam

242 989 451 1056 dativi
493 991 740 1057 diverse
784 992 1107 1058 terminati
1149 993 1215 1057 in
1261 993 1599 1062 discrimen
1619 997 1947 1074 venerunt,
1993 997 2066 1057 ut
2084 992 2492 1060 Homericum

242 1097 287 1159 δ
303 1118 348 1156 α
365 1091 410 1171 ιζ
456 1093 625 1175 quod
649 1093 1048 1159 Herodianus
1092 1094 1165 1159 Il.
1188 1094 1341 1159 XIV
1363 1094 1491 1159 387
1535 1094 1948 1160 iniudicatum
1991 1096 2308 1178 relinquit,
2355 1091 2490 1161 εἴτε

240 1192 742 1275 ἀποκέκοπται,
786 1193 919 1264 εἴτε
967 1197 1425 1281 συγκέκοπται,
1471 1198 1591 1263 hoe
1633 1201 1750 1278 est,
1794 1202 2010 1264 utrum
2045 1198 2207 1262 duae
2229 1198 2507 1264 ultimae⁴

235 1299 475 1364 literae
521 1297 883 1377 exciderint,
911 1316 1013 1362 an
1055 1298 1248 1366 tertia
1293 1304 1359 1363 et
1400 1307 1647 1381 quarta.
1729 1300 2063 1382 Apocopae
2092 1298 2491 1385 suffragatur

99 1450 110 1460 .
236 1400 444 1466 schol.
488 1400 640 1466 Hes.
687 1400 917 1482 Theog.
964 1398 1090 1466 650
1103 1450 1119 1482 ,
1192 1401 1586 1484 eandemque
1647 1405 1958 1486 syncopae
2001 1403 2252 1470 nomine
2297 1403 2489 1492 signif

235 1503 442 1571 ficant
483 1503 688 1584 Epim.
734 1502 767 1567 1
815 1501 954 1567 115.
999 1501 1083 1567 24
1128 1507 1194 1567 et
1235 1504 1379 1569 EM.
1423 1504 1571 1570 245.
1616 1506 1687 1586 2,
1745 1524 1949 1587 neque
1992 1522 2151 1586 opus
2207 1508 2308 1569 est
2350 1522 2487 1569 cor-

236 1608 529 1674 rectione
571 1605 871 1671 Fischero
936 1610 1038 1670 et·
1048 1604 1295 1671 Sturzio
1351 1608 1604 1688 placita.
1692 1606 1813 1672 Hic
1878 1606 2133 1688 quidem
2189 1603 2488 1688 effugium

233 1710 494 1775 nullum
531 1713 654 1796 vest,
700 1708 853 1790 quin
896 1707 1239 1775 Homerum
1293 1709 1461 1774 viam
1505 1714 1742 1774 rectam
1787 1709 2145 1774 deseruisse
2190 1705 2486 1774 confitea-
2548 1733 2563 1772 ι

234 1832 389 1878 mur
437 1811 601 1895 [Vol.
646 1811 679 1876 1
722 1809 846 1875 375
894 1810 1033 1894 sq.].
1084 1795 1334 1876 —'Sed
1382 1809 1784 1898 ὀιχόμηνι,
1845 1812 2012 1894 quod
2055 1809 2337 1878 ncnnulli
2380 1828 2485 1876 ea-

236 1915 393 1982 dem
442 1912 684 1995 syllaba
726 1912 1043 1994 privatum
1086 1913 1510 1994 crediderunt,
1554 1932 1829 1995 quanam
1871 1913 1998 1979 alia
2039 1914 2283 1978 ratione
2329 1912 2487 1978 solvi

232 2016 478 2099 possit,
546 2016 795 2081 ostendi
856 2016 923 2080 in
987 2015 1169 2081 Path.
1213 2016 1482 2084 Elemm.
1525 2015 1559 2080 1
1602 2015 1747 2080 376.
1818 2052 1892 2062 -
1976 2012 2249 2081 Μάστι
2318 2015 2486 2081 crasi

234 2116 546 2186 affectum
587 2135 730 2184 esse
773 2122 847 2182 ut
898 2119 1095 2198 Θέτι,
1138 2114 1334 2206 μήτι,
1363 2116 1751 2204 ’παρακοίτι
1795 2118 2194 2183 consentiunt
2235 2122 2489 2182 veteres

232 2221 509 2288 Homeri
550 2221 960 2303 interpretes,
1029 2221 1143 2286 sed
1184 2218 1412 2285 fefellit
1456 2218 1697 2285 Suidan
1742 2217 1980 2286 Μάστι
2039 2218 2175 2286 κατ’
2227 2213 2483 2285 ἀποκο-

235 2321 377 2412 πήν
404 2322 493 2407 [p.
518 2322 652 2408 59].
680 2360 753 2371 —
783 2315 1152 2400 Λιμνᾶτι
1197 2320 1387 2387 Anth.
1423 2322 1514 2387 VI
1538 2320 1665 2386 380
1709 2341 1835 2387 non
1880 2322 2163 2386 dativum
2206 2339 2367 2401 esse,
2412 2326 2485 2386 ut

232 2425 563 2495 Brunckio
605 2426 829 2507 visum,
874 2424 990 2492 sed
1009 2425 1365 2493 vocativum
1387 2424 1600 2490 monui
1643 2424 1726 2489 ad
1746 2423 1975 2507 Phryn,
1999 2422 2144 2490 429..
2188 2423 2482 2490 Praeter·
2518 2443 2524 2448 ·

229 2530 456 2595 missis
500 2530 758 2596 exoticis
803 2524 1122 2613 Λυγδάμι
1159 2524 1486 2614 Κνωσσίῳ
1529 2528 1595 2592 in
1617 2526 1813 2593 Inscr.
1840 2526 2190 2610 Corcyraea
2209 2526 2287 2592 N.
2317 2524 2481 2592 1840

235 2633 524 2714 aliisque
584 2652 624 2698 a
665 2630 982 2699 Boeckhio
1047 2630 1281 2697 additis
1347 2629 1628 2713 (Ahrens
1664 2630 1814 2696 Dor.
1869 2628 2019 2713 184)
2079 2630 2163 2695 ad
2206 2630 2482 2711 reliquos

231 2753 340 2801 me
387 2735 649 2816 accingo
694 2752 896 2799 casus.

416 2836 454 2921 ς
500 2838 560 2902 2.
647 2836 769 2902 Hic
809 2836 1085 2917 primum
1128 2834 1522 2916 obvagantur
1575 2822 2013 2901 accusativi
2058 2833 2287 2899 dativis
2332 2834 2476 2916 illis,

234 2955 397 3020 quos
446 2938 825 3017 enumeravi,
871 2938 1110 3003 similes
1153 2937 1417 3019 parique
1460 2936 1887 3005 technicorum
1938 2936 2327 3003 dissensione
2371 2955 2477 3007 ex-

234 3040 493 3122 agitati,
561 3058 723 3106 unus
779 3040 1047 3107 nominis
1100 3058 1259 3121 pure
1320 3040 1644 3106 declinati:
1714 3037 1873 3126 ἥρω
1919 3034 2317 3125 Εὐρύπυλον
2362 3038 2479 3105 Od.

235 3142 335 3207 XI
377 3143 537 3224 520,
596 3142 675 3208 de
718 3160 843 3224 quo
885 3141 1262 3207 Eustathius
1312 3140 1497 3208 1697.
1551 3143 1627 3206 17
1698 3140 1760 3208 οἶ
1824 3143 1938 3225 μὲν
2003 3140 2213 3230 ἥρωα·
2259 3149 2478 3210 νοοῦσι

233 3240 381 3311 κατ’
434 3243 792 3327 ἔκθλιψιν·
864 3239 925 3309 οἳ
994 3245 1068 3311 δέ
1112 3240 1258 3329 ἥρω
1298 3242 1712 3327 δισυλλάβως
1778 3239 1820 3331 ἢ
1874 3244 2037 3325 κατᾷ
2084 3244 2295 3311 κλίσιν
2340 3241 2477 3312 ἶσο-

237 3345 566 3432 σὺλλαβον
616 3341 661 3411 ὅ)
701 3347 957 3430 μᾶλλον
1002 3342 1134 3410 κατ’
1185 3341 1544 3436 ἀποκοπὴν
1601 3342 1688 3426 ὥς
1732 3346 1806 3412 τὸ
1855 3348 2039 3432 γέλω.
2127 3346 2309 3411 Alter
2352 3364 2478 3411 non

235 3450 412 3531 puri:
460 3443 721 3536 {6953ss
769 3439 850 3514 ὃν
886 3446 1140 3532 ἵδρωσα
1181 3448 1495 3530 11.1V27,
1545 3450 1623 3515 de
1669 3468 1792 3532 quo
1814 3449 2214 3515 Herodianus
2261 3444 2475 3523 αἰτια-

236 3550 385 3640 τικὴ
433 3551 575 3621 ἐστι
618 3546 758 3617 κατ’
807 3549 1159 3640 ἔκθλιψιν·
1203 3547 1478 3618 δύναται
1522 3550 1749 3635 μέντοι
1798 3553 1908 3620 καὶ
1951 3548 2143 3637 ἱδρῶ
2187 3575 2258 3617 τε
2305 3542 2480 3618 εἶναι

235 3654 313 3721 τό
385 3657 660 3742 πλῆρες,
729 3649 964 3739 ἐπειδὴ
1031 3649 1319 3740 σύνηθες
1396 3650 1580 3741 αὐτῷ
1645 3652 1856 3733 οὕτως
1930 3654 2046 3741 τὴν
2113 3649 2477 3740 αἰτιατικὴν

240 3756 733 3844 προφέρεσθαι.
795 3754 961 3821 'Hoc
1013 3755 1217 3820 nostri
1267 3755 1755 3838 comprobarunt
1806 3756 2034 3836 critici,
2099 3756 2250 3841 quia
2311 3752 2475 3846 ἱδρῶ

238 3857 571 3939 quinquies
618 3858 786 3941 apud
829 3863 1083 3940 poetam
1124 3858 1384 3940 legitur,
1429 3857 1899 3941 trisyllaborum
1945 3876 2203 3951 casuum
2245 3859 2473 3942 nullus,

238 3957 373 4023 sive
440 3960 507 4024 hi
558 3960 685 4025 illis
738 3960 1127 4042 temporibus
1169 3960 1520 4050 incelebres
1563 3958 1741 4027 fuere
1757 4011 1773 4042 ,
1842 3979 1956 4026 seu
2021 3961 2100 4026 ob
2163 3961 2475 4028 rationem

195 4136 198 4141 ⁵
234 4062 585 4143 metricam,
630 4061 733 4128 cui
774 4061 1194 4144 obsequentes
1239 4062 1398 4145 epici
1438 4063 1823 4144 posteriores
1867 4063 2051 4129 modo
2099 4060 2262 4151 ἱδρῶ
2300 4064 2473 4130 dixe-

236 4167 404 4244 runt,
448 4164 632 4232 modo
676 4160 949 4250 ἱδρῶτα,
998 4164 1113 4230 sed
1152 4165 1271 4230 hoc
1315 4166 1514 4231 multo
1558 4166 1783 4246 rariuS,
1830 4184 2166 4247 nunquam,
2216 4171 2289 4231 ut
2331 4184 2476 4233 mea

237 4268 542 4333 memoria
573 4272 714 4349 est,
787 4261 1005 4357 ἶδρῶτ’
1062 4284 1180 4333 nec
1220 4268 1422 4349 magis
1467 4262 1690 4353 γέλωτ’
1752 4267 1853 4334 vel
1898 4263 2108 4354 ἔρωτ’,
2158 4268 2295 4345 vsed
2361 4272 2473 4335 aut
