2946 4928
423 345 507 413 92
983 391 1001 416 i
1198 347 1778 417 DISSERTATIO-
1820 348 1930 414 VI.

425 508 591 590 θεός
606 561 625 590 ,
694 512 862 595 quod
905 514 1054 594 quia
1095 513 1321 596 tragici
1363 512 1682 578 interdum
1744 512 1813 577 in
1875 513 2179 595 principio
2223 514 2512 596 dipodiae
2559 496 2658 582 se-

422 616 661 680 cundae
706 635 822 698 pro
864 616 1291 699 monosyllabo
1335 620 1595 698 ponunt„
1639 615 1956 680 Porsonus
2000 616 2084 681 ad
2113 615 2219 681 Or.
2255 616 2380 683 393
2424 619 2663 701 colligit

422 722 669 782 veteres
715 717 957 784 Atticos
1001 703 1067 785 id
1110 719 1382 785 libenter
1436 722 1841 783 contraxisse.
1952 716 2079 783 Sed
2119 720 2330 801 potius
2376 724 2659 791 statuen-

423 820 573 884 dum
640 825 775 900 est,
846 821 1005 888 duas
1068 822 1293 888 breves
1362 819 1638 903 syllabas
1706 819 2076 887 confluxisse
2140 823 2206 888 in
2269 842 2462 888 unam
2528 825 2661 890 sive

393 922 674 1004 ‘longam
719 923 851 993 sive
895 924 1182 1004 brevem3
1226 925 1437 989 brevis
1483 928 1584 988 est
1626 923 1803 989 Pind.
1827 924 2007 1007 Pyth.
2030 924 2209 991 1107
2257 925 2397 1009 (56)
2420 920 2661 1008 Ἱέρωνι

423 1025 590 1103 θεὸς
634 1020 949 1112 ὀρθωτὴρ
1011 1028 1222 1102 πέλοι,
1292 1028 1545 1108 quicum
1586 1027 1991 1093 Hermannus
2043 1028 2307 1093 contulit
2347 1029 2661 1097 Praxillae

420 1142 674 1192 versum
719 1128 1095 1211 dactylicum
1143 1124 1311 1195 ἀλλὰ
1357 1128 1505 1195 τεὸν
1551 1122 1800 1196 οὔποτε
1849 1126 2087 1214 θυμόν.
2217 1131 2406 1197 Η11110
2447 1137 2660 1199 01110111

420 1229 810 1319 Hephaestio
853 1229 1051 1296 refert
1093 1233 1176 1297 ad
1220 1250 1360 1297 eam
1390 1234 1697 1315 synizesis
1717 1220 2018 1315 speciem,
2063 1252 2189 1316 qua
2212 1231 2329 1302 δύο
2352 1239 2661 1321 βραχεῖαι

424 1334 747 1417 συλλαβαὶ
817 1330 910 1411 εἷς
972 1331 1135 1417 μίαν
1181 1330 1814 1418 παραλαμβάνονται
1830 1384 1852 1409 ,.
1908 1340 1975 1400 et
2017 1336 2179 1403 hanc
2224 1341 2443 1403 contra
2484 1338 2664 1419 ponit·

422 1436 794 1502 Homericae
840 1437 945 1503 νέα
990 1439 1085 1522 (id
1129 1443 1230 1504 est
1272 1439 1422 1523 νῆα)
1490 1440 1605 1521 μέν
1666 1461 1784 1521 μοι
1830 1437 2116 1520 κατέαξε,
2163 1456 2289 1520 qua
2333 1435 2449 1507 δύο
2491 1446 2660 1525 βρα-

422 1544 596 1621 χεῖαι
643 1536 735 1619 εἰς
776 1541 935 1623 μίαν
976 1539 1268 1630 μακράν,
1338 1541 1415 1607 cf.
1473 1541 1663 1607 schol.
1715 1539 1836 1605 152
1884 1539 2157 1624 Gaisf.⁹).
2246 1540 2470 1608 Grasin
2511 1558 2663 1621 vero
2785 1542 2802 1552 ’

418 1641 821 1709 manifestam
886 1644 1163 1711 reddunt
1225 1645 1571 1727 composita
1618 1640 2007 1731 Θουφάνης,
2085 1643 2500 1733 Θουκυδίδης
2543 1650 2663 1710 010.

423 1751 489 1811 01
532 1747 750 1812 ordine
812 1749 1062 1813 inverso
1108 1746 1379 1828 ἔνθους,
1446 1747 1616 1812 1111110
1681 1742 2124 1828 ἐνθουσιάζω·
2166 1747 2519 1813 derivatum
2564 1752 2665 1814 est

415 1850 749 1932 analogiae
793 1850 1094 1916 infestum
1141 1852 1253 1916 sed
1297 1851 1674 1915 auctoritate
1717 1851 1972 1916 maiore.
2022 1888 2094 1898 —-
2145 1849 2304 1916 Cum
2349 1850 2661 1933 androny-

328 1946 333 1954 ⁴
422 1953 601 2017 micis
667 1953 794 2019 illis
857 1954 1144 2034 congruit
1206 1954 1490 2019 Atticum
1555 1950 1873 2040 νουμηνία
1897 1952 2197 2036 -[Phryn.
2249 1951 2417 2038 148}
2535 1952 2664 2019 Sed

426 2053 824 2137 Neoptolemi
863 2074 1092 2121 nomen
1145 2056 1255 2122 ubi
1299 2056 1381 2121 ad
1422 2061 1556 2122 tres
1600 2056 1768 2122 redit
1810 2055 2111 2139 syllabas,
2178 2062 2252 2122 Ν
2250 2078 2378 2122 ουπ
2387 2052 2665 2140 πόλεμος

427 2157 825 2224 scribendum
869 2178 1012 2225 esse
1056 2159 1225 2240 apud
1268 2159 1541 2240 tragicos
1555 2208 1571 2238 ‚
1609 2158 1964 2223 Ι1011001100
2006 2160 2201 2240 negat
2240 2158 2663 2242 Hermannus,

426 2281 632 2344 neque
676 2263 879 2344 magis
923 2263 1202 2327 admittit
1223 2257 1687 2344 Νεπτόλεμος,
1736 2261 1850 2326 sed
1892 2261 2102 2342 potius
2133 2262 2359 2327 statuit
2379 2262 2665 2346 „epeilon

427 2363 650 2429 audiri
689 2363 939 2449 quidem
983 2363 1218 2445 debere,
1264 2362 1380 2427 sed
1418 2364 1512 2427 ita
1553 2375 1624 2441 ut
1649 2363 1735 2426 'in
1784 2359 2049 2442 πόλεως
2089 2362 2358 2448 aliisque
2412 2365 2665 2429 vocabas

422 2473 520 2535 ita
565 2482 950 2555 correptum,
1015 2481 1085 2532 ut
1138 2456 1275 2557 ⁸ndu
1309 2467 1413 2530 -sz‘t
1456 2466 1736 2553 syllabae
1780 2467 1975 2530 Zoco“.
2097 2464 2256 2532 Cum
2299 2467 2407 2534 illo
2450 2469 2664 2536 herois

424 2574 675 2641 nomine
719 2574 1144 2640 Buttmannus
1190 2573 1245 2656 ἕ.
1290 2571 1374 2637 28
1420 2572 1563 2636 adn.
1614 2568 1693 2636 14
1755 2569 2074 2652 coniungit
2115 2569 2518 2639 Homericum
2565 2573 2664 2639 ἑν-

424 2673 800 2762 νεόργυιος,
846 2675 1014 2758 quod
1056 2674 1389 2740 Ernestius
1436 2670 1843 2759 ἔννοῦργυιος
1887 2673 2163 2739 scribere
2207 2674 2510 2755 malebat,
2558 2678 2666 2742 alii

425 2780 690 2848 forsitan
737 2773 1111 2866 ἐννόργυιος
1151 2777 1510 2858 optaverint
1572 2778 1804 2843 omisso
1869 2778 2069 2860 epsilo
2111 2783 2185 2843 ut
2227 2774 2512 2865 ἐννῆμαρ
2559 2778 2664 2863 [ef.

426 2883 460 2949 I
504 2882 642 2948 253-
679 2901 769 2965 sq.
814 2882 911 2947 De
956 2881 1343 2946 Buttmanno
1389 2880 1631 2964 error.].
1668 2915 1738 2927 --
1788 2879 2028 2945 Verum
2072 2881 2189 2947 hoc
2233 2899 2347 2947 nos
2391 2877 2670 2950 traducit

376 3009 381 3013 ·
428 2987 510 3051 ad
555 2986 842 3050 alteram·
867 2986 1154 3063 classem,
1200 3001 1362 3065 quae
1398 2982 1708 3065 syllabam
1731 2984 2168 3048 secundariam
2189 2979 2411 3050 variat.
2458 2985 2668 3051 Huius

428 3087 746 3169 specimen
789 3088 1034 3169 insigne
1076 3086 1344 3168 praebet
1384 3105 1611 3151 nomen
1658 3081 1921 3167 ὀστέον,
1967 3088 2136 3169 quod
2178 3086 2415 3153 Moeris
2458 3088 2668 3154 Attice

422 3191 713 3259 contrahi
780 3191 962 3256 docet
1028 3185 1286 3265 ὀστοῦν,
1359 3189 1674 3254 Leonidas
1721 3189 1863 3255 Tar.
1929 3191 1996 3256 in
2062 3185 2294 3257 ὄστεῦν
2337 3194 2668 3272 contraxit„

426 3313 631 3378 neque
677 3292 1028 3373 defuerunt„
1072 3293 1181 3374 qui
1223 3292 1505 3358 vocalem
1549 3296 1748 3357 totam
1793 3293 2156 3373 eximerent,
2203 3292 2280 3357 τὰ
2304 3288 2468 3360 δοιά
2488 3294 2669 3361 brevi

426 3400 654 3470 ultima
696 3395 1226 3480 opudOppianum
1271 3400 1337 3460 et
1380 3395 1675 3477 syntheta
1720 3389 2073 3480 ὃστολόγος
2116 3400 2251 3476 etc„
2298 3417 2353 3462 V.
2400 3397 2666 3463 Elemm.

431 3502 463 3566 I
486 3498 629 3566 249.
716 3500 1050 3581 Duplicem
1095 3499 1360 3565 duorum
1406 3499 1883 3581 syngenicorum
1927 3496 2195 3579 figuram
2240 3499 2509 3566 dialecto
2539 3502 2668 3567 dis-

433 3603 635 3669 cernit
676 3601 819 3667 EM.
864 3601 968 3667 16.
1018 3599 1096 3666 15
1144 3596 1581 3686 ἀδελφιδοῦς,
1632 3602 2080 3689 θυγατριδοῦς
2124 3598 2262 3668 ἀπὸ
2310 3608 2444 3702 τοῦ.
2478 3601 2667 3671 ἀδελ-

432 3702 684 3792 φίδεος,
753 3702 1195 3793 θυγατρίδεος
1255 3704 1471 3790 γέγονε
1540 3703 1707 3770 ’κατὰ
1755 3702 2113 3790 συγκοπὴν,
2183 3700 2299 3786 οὐχ
2367 3699 2457 3784 ὥς
2498 3731 2671 3785 τινες

430 3809 712 3893 λέγουσι,
759 3806 833 3873 τὸ
881 3804 1176 3874 ἐναντίον
1223 3802 1360 3873 ἀπὸ
1408 3809 1522 3873 τοῦ
1569 3802 1971 3894 ἀδελφιδοῦς
2016 3802 2433 3894 ἅδελφίδεος·
2478 3804 2667 3877 οὐδέ-

432 3893 601 3980 πδτε
666 3935 792 3997 γαρ
859 3904 1095 3978 εὐθεῖα
1165 3907 1536 3985 διαλύεται,
1581 3910 1775 3992 'quod
1841 3909 2114 3980 edictum
2182 3927 2260 3975 ex
2322 3898 2670 3984 Herodiani

430 4015 677 4082 scriniis
745 4014 1141 4093 depromtum
1207 4029 1373 4078 esse·
1416 4013 1814 4093 cognoscitur
1873 4030 1951 4076 ex
2003 4001 2110 4092 iis,
2178 4029 2341 4095 quae
2385 4013 2464 4078 de
2503 4010 2671 4099 ,πάϊς

430 4123 595 4196 παῖς
640 4116 809 4182 dicta
853 4119 1001 4179 sunt
1056 4113 1142 4197 [p.
1189 4114 1275 4199 5].
1368 4115 1712 4180 Accentum
1780 4114 2005 4179 horum
2068 4116 2393 4180 nominum
2453 4116 2562 4181 ille
2604 4117 2669 4182 in

572 4342 630 4406 9)
688 4335 823 4402 Τεός
859 4339 990 4396 illud
1020 4353 1089 4390 ex
1124 4339 1366 4392 confesso
1401 4339 1819 4442 syllababscvis
1856 4348 1951 4405 est,
1989 4334 2119 4399 θεός
2149 4355 2359 4408 anceps.
