<?xml version="1.0" encoding="UTF-8"?>
<!DOCTYPE html PUBLIC "-//W3C//DTD XHTML 1.0 Transitional//EN"
    "http://www.w3.org/TR/xhtml1/DTD/xhtml1-transitional.dtd">
<html xmlns="http://www.w3.org/1999/xhtml" xml:lang="en" lang="en">
 <head>
  <title>
</title>
<meta http-equiv="Content-Type" content="text/html;charset=utf-8" />
  <meta name='ocr-system' content='tesseract 3.04.00' />
  <meta name='ocr-capabilities' content='ocr_page ocr_carea ocr_par ocr_line ocrx_word'/>
</head>
<body>
  <div class='ocr_page' id='page_1' title='image "./pathologiaegrae02lobegoog_0248.png"; bbox 0 0 2946 4928; ppageno 0'>
   <div class='ocr_carea' id='block_1_1' title="bbox 462 310 1968 379">
    <p class='ocr_par' dir='ltr' id='par_1_1' title="bbox 462 310 1968 416">
     <span class='ocr_line' id='line_1_1' title="bbox 462 310 1968 379; baseline -0.001 0"><span class='ocrx_word' id='word_1_1' title='bbox 462 312 591 379; x_wconf 82' lang='lat'>228</span> <span class='ocrx_word' id='word_1_2' title='bbox 960 314 964 318; x_wconf 79' lang='grc'>’</span> <span class='ocrx_word' id='word_1_3' title='bbox 1189 310 1779 379; x_wconf 74' lang='lat' dir='ltr'>.DISSERTAT10</span> <span class='ocrx_word' id='word_1_4' title='bbox 1824 310 1968 378; x_wconf 73' lang='lat' dir='ltr'>vn„</span> 
     </span>
    </p>
   </div>
   <div class='ocr_carea' id='block_1_2' title="bbox 459 470 2698 668">
    <p class='ocr_par' dir='ltr' id='par_1_2' title="bbox 459 470 2698 668">
     <span class='ocr_line' id='line_1_2' title="bbox 459 470 2698 568; baseline -0.001 -27"><span class='ocrx_word' id='word_1_5' title='bbox 459 475 670 543; x_wconf 81' lang='lat' dir='ltr'>iuncte</span> <span class='ocrx_word' id='word_1_6' title='bbox 692 477 956 542; x_wconf 77' lang='lat' dir='ltr'>tractari</span> <span class='ocrx_word' id='word_1_7' title='bbox 994 478 1229 544; x_wconf 81' lang='lat' dir='ltr'><strong>solent:</strong></span> <span class='ocrx_word' id='word_1_8' title='bbox 1279 474 1348 543; x_wconf 75' lang='grc' dir='ltr'>αἱ</span> <span class='ocrx_word' id='word_1_9' title='bbox 1374 476 1743 566; x_wconf 68' lang='grc' dir='ltr'><strong><em>προθέσεις</em></strong></span> <span class='ocrx_word' id='word_1_10' title='bbox 1767 470 2300 568; x_wconf 64' lang='grc' dir='ltr'><strong><em>ᾄπεκτεινόμεναι</em></strong></span> <span class='ocrx_word' id='word_1_11' title='bbox 2325 473 2698 543; x_wconf 80' lang='grc' dir='ltr'><strong><em>συνέλκουσι</em></strong></span> 
     </span>
     <span class='ocr_line' id='line_1_3' title="bbox 464 572 2698 668; baseline -0 -24"><span class='ocrx_word' id='word_1_12' title='bbox 464 578 631 646; x_wconf 75' lang='grc' dir='ltr'><strong><em>κατὰ</em></strong></span> <span class='ocrx_word' id='word_1_13' title='bbox 698 578 773 645; x_wconf 81' lang='grc' dir='ltr'>τὸ</span> <span class='ocrx_word' id='word_1_14' title='bbox 841 580 1033 659; x_wconf 78' lang='grc' dir='ltr'><strong><em>τέλος</em></strong></span> <span class='ocrx_word' id='word_1_15' title='bbox 1105 583 1222 668; x_wconf 77' lang='grc' dir='ltr'>τὴν</span> <span class='ocrx_word' id='word_1_16' title='bbox 1265 575 1488 659; x_wconf 78' lang='grc' dir='ltr'><strong><em>ὀξεῖαν</em></strong></span> <span class='ocrx_word' id='word_1_17' title='bbox 1543 574 1634 657; x_wconf 80' lang='grc' dir='ltr'>ὣς</span> <span class='ocrx_word' id='word_1_18' title='bbox 1693 577 1824 662; x_wconf 82' lang='grc' dir='ltr'><strong><em>ἔχει</em></strong></span> <span class='ocrx_word' id='word_1_19' title='bbox 1891 575 1931 668; x_wconf 82' lang='grc' dir='ltr'><em>ἦ</em></span> <span class='ocrx_word' id='word_1_20' title='bbox 2004 577 2121 650; x_wconf 78' lang='grc' dir='ltr'>ἐνί</span> <span class='ocrx_word' id='word_1_21' title='bbox 2186 579 2295 643; x_wconf 80' lang='grc' dir='ltr'>καὶ</span> <span class='ocrx_word' id='word_1_22' title='bbox 2366 572 2401 663; x_wconf 72' lang='grc' dir='ltr'><strong><em>ἦ</em></strong></span> <span class='ocrx_word' id='word_1_23' title='bbox 2460 575 2698 663; x_wconf 75' lang='grc' dir='ltr'><strong><em>,προτί</em></strong></span> 
     </span>
    </p>
   </div>
   <div class='ocr_carea' id='block_1_3' title="bbox 461 677 2695 769">
    <p class='ocr_par' dir='ltr' id='par_1_3' title="bbox 461 677 2695 769">
     <span class='ocr_line' id='line_1_4' title="bbox 461 677 2695 769; baseline -0.01 -3"><span class='ocrx_word' id='word_1_24' title='bbox 461 681 664 765; x_wconf 75' lang='grc' dir='ltr'><strong>ΑΡΟῙῙ·</strong></span> <span class='ocrx_word' id='word_1_25' title='bbox 711 680 883 764; x_wconf 65' lang='lat' dir='ltr'><strong>Synt-</strong></span> <span class='ocrx_word' id='word_1_26' title='bbox 928 681 1019 749; x_wconf 75' lang='lat' dir='ltr'>IV</span> <span class='ocrx_word' id='word_1_27' title='bbox 1062 685 1120 749; x_wconf 80' lang='lat'>2·</span> <span class='ocrx_word' id='word_1_28' title='bbox 1167 683 1292 749; x_wconf 83' lang='lat'>309</span> <span class='ocrx_word' id='word_1_29' title='bbox 1340 680 1553 767; x_wconf 82' lang='grc'>(304),</span> <span class='ocrx_word' id='word_1_30' title='bbox 1621 682 1696 747; x_wconf 84' lang='grc' dir='ltr'>τὸ</span> <span class='ocrx_word' id='word_1_31' title='bbox 1756 680 1930 769; x_wconf 80' lang='grc' dir='ltr'><strong><em>πρός</em></strong></span> <span class='ocrx_word' id='word_1_32' title='bbox 1996 679 2139 746; x_wconf 79' lang='grc' dir='ltr'><strong><em>κατ’</em></strong></span> <span class='ocrx_word' id='word_1_33' title='bbox 2199 679 2555 748; x_wconf 77' lang='grc' dir='ltr'><strong><em>ἑπέκτασιν</em></strong></span> <span class='ocrx_word' id='word_1_34' title='bbox 2607 677 2695 764; x_wconf 80' lang='lat' dir='ltr'>yt&#39;·</span> 
     </span>
    </p>
   </div>
   <div class='ocr_carea' id='block_1_4' title="bbox 337 780 2697 870">
    <p class='ocr_par' dir='ltr' id='par_1_4' title="bbox 337 780 2697 870">
     <span class='ocr_line' id='line_1_5' title="bbox 337 780 2697 870; baseline -0.002 -20"><span class='ocrx_word' id='word_1_35' title='bbox 337 789 352 808; x_wconf 66' lang='lat'><em>¹</em></span> <span class='ocrx_word' id='word_1_36' title='bbox 462 809 646 851; x_wconf 87' lang='grc' dir='ltr'><strong><em>νεται</em></strong></span> <span class='ocrx_word' id='word_1_37' title='bbox 689 782 895 870; x_wconf 83' lang='grc' dir='ltr'><strong><em>προσί</em></strong></span> <span class='ocrx_word' id='word_1_38' title='bbox 939 780 1030 864; x_wconf 82' lang='grc' dir='ltr'>ὠς</span> <span class='ocrx_word' id='word_1_39' title='bbox 1075 784 1142 853; x_wconf 74' lang='grc' dir='ltr'>ἐν</span> <span class='ocrx_word' id='word_1_40' title='bbox 1188 784 1280 853; x_wconf 77' lang='grc' dir='ltr'>ἐνί</span> <span class='ocrx_word' id='word_1_41' title='bbox 1320 786 1464 853; x_wconf 90' lang='grc' dir='ltr'>ΕΜ.</span> <span class='ocrx_word' id='word_1_42' title='bbox 1512 785 1657 853; x_wconf 83' lang='grc'>685.</span> <span class='ocrx_word' id='word_1_43' title='bbox 1703 785 1804 851; x_wconf 81' lang='grc'>25.</span> <span class='ocrx_word' id='word_1_44' title='bbox 1891 784 2020 850; x_wconf 87' lang='lat' dir='ltr'>Alii</span> <span class='ocrx_word' id='word_1_45' title='bbox 2065 785 2450 862; x_wconf 79' lang='lat' dir='ltr'>contrarium</span> <span class='ocrx_word' id='word_1_46' title='bbox 2495 781 2697 849; x_wconf 83' lang='lat' dir='ltr'>defen-</span> 
     </span>
    </p>
   </div>
   <div class='ocr_carea' id='block_1_5' title="bbox 359 886 2784 2721">
    <p class='ocr_par' dir='ltr' id='par_1_5' title="bbox 359 886 2784 2721">
     <span class='ocr_line' id='line_1_6' title="bbox 463 886 2697 971; baseline -0.001 -17"><span class='ocrx_word' id='word_1_47' title='bbox 463 889 638 969; x_wconf 84' lang='lat' dir='ltr'>dunt,</span> <span class='ocrx_word' id='word_1_48' title='bbox 684 888 783 955; x_wconf 74' lang='grc' dir='ltr'><strong><em>ἔνι’</em></strong></span> <span class='ocrx_word' id='word_1_49' title='bbox 825 888 1108 955; x_wconf 87' lang='lat' dir='ltr'>nativum</span> <span class='ocrx_word' id='word_1_50' title='bbox 1150 908 1310 971; x_wconf 89' lang='lat' dir='ltr'>esse,</span> <span class='ocrx_word' id='word_1_51' title='bbox 1358 886 1424 957; x_wconf 79' lang='grc' dir='ltr'>ἐν</span> <span class='ocrx_word' id='word_1_52' title='bbox 1467 890 1805 969; x_wconf 85' lang='lat' dir='ltr'>facticium,</span> <span class='ocrx_word' id='word_1_53' title='bbox 1853 893 2222 970; x_wconf 84' lang='lat' dir='ltr'>argumento</span> <span class='ocrx_word' id='word_1_54' title='bbox 2264 886 2521 969; x_wconf 84' lang='lat' dir='ltr'>triplici,</span> <span class='ocrx_word' id='word_1_55' title='bbox 2566 904 2697 965; x_wconf 88' lang='lat' dir='ltr'>uno,</span> 
     </span>
     <span class='ocr_line' id='line_1_7' title="bbox 462 992 2698 1074; baseline -0.001 -18"><span class='ocrx_word' id='word_1_56' title='bbox 462 992 631 1073; x_wconf 89' lang='lat' dir='ltr'>quod</span> <span class='ocrx_word' id='word_1_57' title='bbox 673 992 1172 1074; x_wconf 83' lang='lat' dir='ltr'>praepositiones</span> <span class='ocrx_word' id='word_1_58' title='bbox 1228 994 1595 1074; x_wconf 88' lang='lat' dir='ltr'>pleonasmo</span> <span class='ocrx_word' id='word_1_59' title='bbox 1649 992 1995 1074; x_wconf 86' lang='lat' dir='ltr'>productae</span> <span class='ocrx_word' id='word_1_60' title='bbox 2040 997 2367 1057; x_wconf 88' lang='lat' dir='ltr'>accentum</span> <span class='ocrx_word' id='word_1_61' title='bbox 2432 1009 2555 1055; x_wconf 92' lang='lat' dir='ltr'>non</span> <span class='ocrx_word' id='word_1_62' title='bbox 2607 1007 2698 1054; x_wconf 93' lang='lat' dir='ltr'>re-</span> 
     </span>
     <span class='ocr_line' id='line_1_8' title="bbox 458 1088 2697 1181; baseline 0.003 -22"><span class='ocrx_word' id='word_1_63' title='bbox 458 1094 720 1160; x_wconf 87' lang='lat' dir='ltr'>trahant</span> <span class='ocrx_word' id='word_1_64' title='bbox 733 1143 749 1174; x_wconf 85' lang='lat'>,</span> <span class='ocrx_word' id='word_1_65' title='bbox 819 1092 917 1161; x_wconf 76' lang='grc' dir='ltr'>ἐνί</span> <span class='ocrx_word' id='word_1_66' title='bbox 959 1100 1173 1160; x_wconf 90' lang='lat' dir='ltr'>autem</span> <span class='ocrx_word' id='word_1_67' title='bbox 1217 1096 1639 1176; x_wconf 88' lang='lat' dir='ltr'>anastrophae</span> <span class='ocrx_word' id='word_1_68' title='bbox 1691 1094 2041 1160; x_wconf 88' lang='lat' dir='ltr'>subiaceat:</span> <span class='ocrx_word' id='word_1_69' title='bbox 2111 1092 2179 1159; x_wconf 80' lang='grc' dir='ltr'>ἔν</span> <span class='ocrx_word' id='word_1_70' title='bbox 2188 1089 2250 1160; x_wconf 67' lang='grc' dir='ltr'>θ’</span> <span class='ocrx_word' id='word_1_71' title='bbox 2323 1092 2421 1159; x_wconf 82' lang='grc' dir='ltr'><strong><em>ἔνι</em></strong></span> <span class='ocrx_word' id='word_1_72' title='bbox 2490 1088 2697 1181; x_wconf 70' lang='grc' dir='ltr'><strong><em>κούρη,</em></strong></span> 
     </span>
     <span class='ocr_line' id='line_1_9' title="bbox 447 1191 2702 1284; baseline -0.002 -21"><span class='ocrx_word' id='word_1_73' title='bbox 447 1191 681 1277; x_wconf 76' lang='lat' dir='ltr'>altero,</span> <span class='ocrx_word' id='word_1_74' title='bbox 728 1197 896 1278; x_wconf 89' lang='lat' dir='ltr'>quod</span> <span class='ocrx_word' id='word_1_75' title='bbox 937 1217 1065 1263; x_wconf 93' lang='lat' dir='ltr'>non</span> <span class='ocrx_word' id='word_1_76' title='bbox 1105 1217 1222 1280; x_wconf 91' lang='lat' dir='ltr'>pro</span> <span class='ocrx_word' id='word_1_77' title='bbox 1243 1196 1436 1263; x_wconf 86' lang='lat' dir='ltr'>verbo</span> <span class='ocrx_word' id='word_1_78' title='bbox 1458 1201 1775 1278; x_wconf 90' lang='lat' dir='ltr'>ponantur</span> <span class='ocrx_word' id='word_1_79' title='bbox 1816 1204 1890 1264; x_wconf 90' lang='lat' dir='ltr'>ut</span> <span class='ocrx_word' id='word_1_80' title='bbox 1934 1194 2073 1263; x_wconf 73' lang='grc' dir='ltr'>ἔνθ’</span> <span class='ocrx_word' id='word_1_81' title='bbox 2125 1196 2219 1262; x_wconf 70' lang='grc' dir='ltr'><strong><em>ἔνι</em></strong></span> <span class='ocrx_word' id='word_1_82' title='bbox 2265 1197 2384 1279; x_wconf 76' lang='grc' dir='ltr'>μὲν</span> <span class='ocrx_word' id='word_1_83' title='bbox 2432 1194 2702 1284; x_wconf 78' lang='grc' dir='ltr'><strong><em>φιλότης</em></strong></span> 
     </span>
     <span class='ocr_line' id='line_1_10' title="bbox 460 1298 2703 1386; baseline -0.001 -21"><span class='ocrx_word' id='word_1_84' title='bbox 460 1318 577 1386; x_wconf 84' lang='lat' dir='ltr'>pro</span> <span class='ocrx_word' id='word_1_85' title='bbox 623 1298 861 1380; x_wconf 75' lang='grc' dir='ltr'><strong><em>ἔνεστι,</em></strong></span> <span class='ocrx_word' id='word_1_86' title='bbox 927 1305 1279 1383; x_wconf 87' lang='lat' dir='ltr'>postremo,</span> <span class='ocrx_word' id='word_1_87' title='bbox 1348 1319 1543 1383; x_wconf 90' lang='lat' dir='ltr'>quum</span> <span class='ocrx_word' id='word_1_88' title='bbox 1608 1301 1785 1366; x_wconf 91' lang='lat' dir='ltr'>nulla</span> <span class='ocrx_word' id='word_1_89' title='bbox 1830 1301 2214 1383; x_wconf 81' lang='lat' dir='ltr'>praepositio</span> <span class='ocrx_word' id='word_1_90' title='bbox 2275 1300 2435 1365; x_wconf 87' lang='lat' dir='ltr'>duas</span> <span class='ocrx_word' id='word_1_91' title='bbox 2479 1299 2703 1364; x_wconf 86' lang='lat' dir='ltr'>habeat</span> 
     </span>
     <span class='ocr_line' id='line_1_11' title="bbox 460 1398 2702 1486; baseline -0.001 -18"><span class='ocrx_word' id='word_1_92' title='bbox 460 1404 710 1469; x_wconf 85' lang='lat' dir='ltr'>vocales</span> <span class='ocrx_word' id='word_1_93' title='bbox 755 1403 1179 1486; x_wconf 80' lang='lat' dir='ltr'>abundanteS,</span> <span class='ocrx_word' id='word_1_94' title='bbox 1247 1404 1502 1470; x_wconf 89' lang='lat' dir='ltr'>concedi</span> <span class='ocrx_word' id='word_1_95' title='bbox 1543 1423 1670 1469; x_wconf 92' lang='lat' dir='ltr'>non</span> <span class='ocrx_word' id='word_1_96' title='bbox 1711 1422 1928 1485; x_wconf 88' lang='lat' dir='ltr'>posse,</span> <span class='ocrx_word' id='word_1_97' title='bbox 1972 1409 2046 1468; x_wconf 93' lang='lat' dir='ltr'>ut</span> <span class='ocrx_word' id='word_1_98' title='bbox 2090 1398 2213 1469; x_wconf 75' lang='grc' dir='ltr'><strong><em>εἶνί</em></strong></span> <span class='ocrx_word' id='word_1_99' title='bbox 2256 1421 2333 1467; x_wconf 86' lang='lat' dir='ltr'>ex</span> <span class='ocrx_word' id='word_1_100' title='bbox 2378 1401 2449 1469; x_wconf 82' lang='grc' dir='ltr'>ἒν</span> <span class='ocrx_word' id='word_1_101' title='bbox 2492 1407 2702 1467; x_wconf 89' lang='lat' dir='ltr'>natum</span> 
     </span>
     <span class='ocr_line' id='line_1_12' title="bbox 359 1501 2704 1593; baseline -0.001 -22"><span class='ocrx_word' id='word_1_102' title='bbox 359 1517 378 1588; x_wconf 68' lang='lat' dir='ltr'><em>j</em></span> <span class='ocrx_word' id='word_1_103' title='bbox 464 1507 564 1571; x_wconf 86' lang='lat' dir='ltr'>sit.</span> <span class='ocrx_word' id='word_1_104' title='bbox 615 1506 831 1572; x_wconf 81' lang='lat' dir='ltr'>&#39;Haec</span> <span class='ocrx_word' id='word_1_105' title='bbox 894 1508 1144 1589; x_wconf 84' lang='lat' dir='ltr'>singula</span> <span class='ocrx_word' id='word_1_106' title='bbox 1195 1501 1403 1589; x_wconf 84' lang='lat' dir='ltr'>Epim.</span> <span class='ocrx_word' id='word_1_107' title='bbox 1448 1507 1482 1573; x_wconf 93' lang='lat' dir='ltr'>I</span> <span class='ocrx_word' id='word_1_108' title='bbox 1531 1507 1652 1571; x_wconf 84' lang='lat'>170</span> <span class='ocrx_word' id='word_1_109' title='bbox 1694 1508 1808 1571; x_wconf 60' lang='lat' dir='ltr'>*sic</span> <span class='ocrx_word' id='word_1_110' title='bbox 1873 1506 2083 1571; x_wconf 87' lang='lat' dir='ltr'>diluit:</span> <span class='ocrx_word' id='word_1_111' title='bbox 2152 1521 2294 1571; x_wconf 90' lang='lat' dir='ltr'>cum</span> <span class='ocrx_word' id='word_1_112' title='bbox 2361 1505 2582 1593; x_wconf 77' lang='grc' dir='ltr'><strong><em>παραί</em></strong></span> <span class='ocrx_word' id='word_1_113' title='bbox 2644 1507 2704 1569; x_wconf 87' lang='lat' dir='ltr'>et</span> 
     </span>
     <span class='ocr_line' id='line_1_13' title="bbox 464 1602 2701 1694; baseline -0.002 -19"><span class='ocrx_word' id='word_1_114' title='bbox 464 1607 659 1676; x_wconf 74' lang='grc' dir='ltr'><strong><em>κατάί</em></strong></span> <span class='ocrx_word' id='word_1_115' title='bbox 701 1628 827 1675; x_wconf 91' lang='lat' dir='ltr'>non</span> <span class='ocrx_word' id='word_1_116' title='bbox 870 1616 1042 1676; x_wconf 89' lang='lat' dir='ltr'>recte</span> <span class='ocrx_word' id='word_1_117' title='bbox 1088 1612 1439 1692; x_wconf 88' lang='lat' dir='ltr'>comparari</span> <span class='ocrx_word' id='word_1_118' title='bbox 1485 1606 1583 1677; x_wconf 73' lang='grc' dir='ltr'><strong><em>ἔνι’</em></strong></span> <span class='ocrx_word' id='word_1_119' title='bbox 1600 1660 1615 1690; x_wconf 93' lang='lat'>,</span> <span class='ocrx_word' id='word_1_120' title='bbox 1683 1628 1831 1673; x_wconf 90' lang='lat' dir='ltr'>nam.</span> <span class='ocrx_word' id='word_1_121' title='bbox 1874 1608 1998 1673; x_wconf 61' lang='lat' dir='ltr'>hoc»</span> <span class='ocrx_word' id='word_1_122' title='bbox 2042 1613 2114 1672; x_wconf 92' lang='lat' dir='ltr'>ut</span> <span class='ocrx_word' id='word_1_123' title='bbox 2158 1607 2462 1674; x_wconf 85' lang='lat' dir='ltr'>Doricum</span> <span class='ocrx_word' id='word_1_124' title='bbox 2510 1602 2701 1694; x_wconf 70' lang='grc' dir='ltr'><strong><em>προτί</em></strong></span> 
     </span>
     <span class='ocr_line' id='line_1_14' title="bbox 463 1712 2700 1795; baseline -0.001 -17"><span class='ocrx_word' id='word_1_125' title='bbox 463 1713 586 1779; x_wconf 92' lang='lat' dir='ltr'>duo</span> <span class='ocrx_word' id='word_1_126' title='bbox 630 1713 864 1779; x_wconf 88' lang='lat' dir='ltr'>habere</span> <span class='ocrx_word' id='word_1_127' title='bbox 907 1718 1211 1795; x_wconf 88' lang='lat' dir='ltr'>tempora,</span> <span class='ocrx_word' id='word_1_128' title='bbox 1255 1714 1367 1779; x_wconf 89' lang='lat' dir='ltr'>illa</span> <span class='ocrx_word' id='word_1_129' title='bbox 1408 1715 1552 1794; x_wconf 86' lang='lat' dir='ltr'>tria,</span> <span class='ocrx_word' id='word_1_130' title='bbox 1599 1712 1916 1778; x_wconf 85' lang='lat' dir='ltr'>etidcirco</span> <span class='ocrx_word' id='word_1_131' title='bbox 1940 1712 2365 1793; x_wconf 82' lang='lat' dir='ltr'>anastrophen</span> <span class='ocrx_word' id='word_1_132' title='bbox 2385 1728 2700 1793; x_wconf 85' lang='lat' dir='ltr'>respuere,</span> 
     </span>
     <span class='ocr_line' id='line_1_15' title="bbox 461 1812 2728 1908; baseline -0.001 -28"><span class='ocrx_word' id='word_1_133' title='bbox 461 1815 623 1881; x_wconf 89' lang='lat' dir='ltr'>hanc</span> <span class='ocrx_word' id='word_1_134' title='bbox 667 1821 881 1881; x_wconf 90' lang='lat' dir='ltr'>autem</span> <span class='ocrx_word' id='word_1_135' title='bbox 925 1818 1240 1897; x_wconf 84' lang='lat' dir='ltr'>adhiberi,</span> <span class='ocrx_word' id='word_1_136' title='bbox 1310 1819 1364 1883; x_wconf 87' lang='lat' dir='ltr'>si</span> <span class='ocrx_word' id='word_1_137' title='bbox 1427 1836 1543 1899; x_wconf 89' lang='lat' dir='ltr'>pro</span> <span class='ocrx_word' id='word_1_138' title='bbox 1591 1813 1800 1882; x_wconf 72' lang='grc' dir='ltr'><strong><em>ἔνεστι</em></strong></span> <span class='ocrx_word' id='word_1_139' title='bbox 1845 1815 2057 1879; x_wconf 85' lang='lat' dir='ltr'>valeat</span> <span class='ocrx_word' id='word_1_140' title='bbox 2112 1815 2277 1880; x_wconf 89' lang='lat' dir='ltr'>sicut</span> <span class='ocrx_word' id='word_1_141' title='bbox 2345 1812 2536 1902; x_wconf 80' lang='grc' dir='ltr'><strong><em>πάρα</em></strong></span> <span class='ocrx_word' id='word_1_142' title='bbox 2597 1832 2728 1908; x_wconf 31' lang='lat' dir='ltr'>pro-</span> 
     </span>
     <span class='ocr_line' id='line_1_16' title="bbox 462 1904 2701 2005; baseline 0 -24"><span class='ocrx_word' id='word_1_143' title='bbox 462 1914 731 2003; x_wconf 75' lang='grc' dir='ltr'><strong><em>πάρεστι</em></strong></span> <span class='ocrx_word' id='word_1_144' title='bbox 748 1968 763 1998; x_wconf 85' lang='grc'><em>,</em></span> <span class='ocrx_word' id='word_1_145' title='bbox 808 1936 926 1983; x_wconf 92' lang='lat' dir='ltr'>nec</span> <span class='ocrx_word' id='word_1_146' title='bbox 969 1920 1242 2000; x_wconf 89' lang='lat' dir='ltr'>obstare,</span> <span class='ocrx_word' id='word_1_147' title='bbox 1283 1919 1458 2000; x_wconf 83' lang='lat' dir='ltr'>quod</span> <span class='ocrx_word' id='word_1_148' title='bbox 1505 1913 1626 1985; x_wconf 78' lang='grc' dir='ltr'><strong><em>εἷνί</em></strong></span> <span class='ocrx_word' id='word_1_149' title='bbox 1670 1907 2002 1997; x_wconf 82' lang='lat' dir='ltr'>dupliciter</span> <span class='ocrx_word' id='word_1_150' title='bbox 2034 1918 2321 1999; x_wconf 85' lang='lat' dir='ltr'>creverit,</span> <span class='ocrx_word' id='word_1_151' title='bbox 2366 1913 2402 1984; x_wconf 82' lang='grc' dir='ltr'>ὁ</span> <span class='ocrx_word' id='word_1_152' title='bbox 2454 1909 2574 2005; x_wconf 73' lang='grc' dir='ltr'>γὰρ</span> <span class='ocrx_word' id='word_1_153' title='bbox 2621 1904 2701 1993; x_wconf 79' lang='grc' dir='ltr'>εἷς</span> 
     </span>
     <span class='ocr_line' id='line_1_17' title="bbox 463 2016 2699 2109; baseline -0 -23"><span class='ocrx_word' id='word_1_154' title='bbox 463 2021 886 2103; x_wconf 83' lang='grc' dir='ltr'><strong><em>πλεονασμὸς</em></strong></span> <span class='ocrx_word' id='word_1_155' title='bbox 923 2026 1045 2109; x_wconf 78' lang='grc' dir='ltr'>’τῆς</span> <span class='ocrx_word' id='word_1_156' title='bbox 1091 2018 1487 2108; x_wconf 70' lang='grc' dir='ltr'><strong><em>προθέσεώς</em></strong></span> <span class='ocrx_word' id='word_1_157' title='bbox 1528 2019 1706 2086; x_wconf 79' lang='grc' dir='ltr'><strong><em>ἐστιν</em></strong></span> <span class='ocrx_word' id='word_1_158' title='bbox 1753 2020 1970 2102; x_wconf 75' lang='lat' dir='ltr'>(addet</span> <span class='ocrx_word' id='word_1_159' title='bbox 2020 2016 2345 2105; x_wconf 77' lang='grc' dir='ltr'><strong><em>ἆττικός),ι</em></strong></span> <span class='ocrx_word' id='word_1_160' title='bbox 2379 2020 2417 2086; x_wconf 81' lang='grc' dir='ltr'><em>ὃ</em></span> <span class='ocrx_word' id='word_1_161' title='bbox 2461 2022 2534 2089; x_wconf 76' lang='grc' dir='ltr'>δὲ</span> <span class='ocrx_word' id='word_1_162' title='bbox 2572 2017 2699 2087; x_wconf 72' lang='grc' dir='ltr'><strong><em>ἕτε-</em></strong></span> 
     </span>
     <span class='ocr_line' id='line_1_18' title="bbox 462 2114 2701 2211; baseline -0.002 -22"><span class='ocrx_word' id='word_1_163' title='bbox 462 2147 582 2209; x_wconf 81' lang='grc' dir='ltr'>ρος</span> <span class='ocrx_word' id='word_1_164' title='bbox 626 2120 992 2211; x_wconf 65' lang='grc' dir='ltr'><strong><em>ποιητικός,</em></strong></span> <span class='ocrx_word' id='word_1_165' title='bbox 1040 2142 1163 2205; x_wconf 91' lang='lat' dir='ltr'>quo</span> <span class='ocrx_word' id='word_1_166' title='bbox 1206 2114 1344 2189; x_wconf 87' lang='lat' dir='ltr'>loco</span> <span class='ocrx_word' id='word_1_167' title='bbox 1389 2122 1713 2188; x_wconf 85' lang='lat' dir='ltr'>confundit</span> <span class='ocrx_word' id='word_1_168' title='bbox 1742 2124 2288 2204; x_wconf 43' lang='lat' dir='ltr'>,praepositionem</span> <span class='ocrx_word' id='word_1_169' title='bbox 2332 2123 2428 2188; x_wconf 73' lang='grc' dir='ltr'>ἑνί</span> <span class='ocrx_word' id='word_1_170' title='bbox 2466 2128 2532 2189; x_wconf 91' lang='lat' dir='ltr'>et</span> <span class='ocrx_word' id='word_1_171' title='bbox 2571 2140 2701 2188; x_wconf 86' lang='lat' dir='ltr'>ver-</span> 
     </span>
     <span class='ocr_line' id='line_1_19' title="bbox 462 2222 2703 2309; baseline -0.001 -19"><span class='ocrx_word' id='word_1_172' title='bbox 462 2224 607 2291; x_wconf 90' lang='lat' dir='ltr'>bale</span> <span class='ocrx_word' id='word_1_173' title='bbox 655 2224 746 2291; x_wconf 81' lang='grc' dir='ltr'><strong><em>ἔνι</em></strong></span> <span class='ocrx_word' id='word_1_174' title='bbox 765 2278 782 2304; x_wconf 88' lang='grc'><em>,</em></span> <span class='ocrx_word' id='word_1_175' title='bbox 852 2246 974 2309; x_wconf 91' lang='lat' dir='ltr'>quo</span> <span class='ocrx_word' id='word_1_176' title='bbox 1020 2228 1154 2293; x_wconf 88' lang='lat' dir='ltr'>solo</span> <span class='ocrx_word' id='word_1_177' title='bbox 1196 2231 1463 2292; x_wconf 91' lang='lat' dir='ltr'>utuntur</span> <span class='ocrx_word' id='word_1_178' title='bbox 1507 2225 1689 2291; x_wconf 91' lang='lat' dir='ltr'>Plato</span> <span class='ocrx_word' id='word_1_179' title='bbox 1702 2276 1718 2305; x_wconf 93' lang='lat'>,</span> <span class='ocrx_word' id='word_1_180' title='bbox 1781 2225 2151 2307; x_wconf 85' lang='lat' dir='ltr'>Xenophon,</span> <span class='ocrx_word' id='word_1_181' title='bbox 2197 2230 2445 2308; x_wconf 79' lang='lat' dir='ltr'>poetae</span> <span class='ocrx_word' id='word_1_182' title='bbox 2491 2222 2703 2306; x_wconf 82' lang='lat' dir='ltr'>tragici</span> 
     </span>
     <span class='ocr_line' id='line_1_20' title="bbox 461 2315 2702 2412; baseline -0.002 -17"><span class='ocrx_word' id='word_1_183' title='bbox 461 2329 808 2412; x_wconf 71' lang='lat' dir='ltr'>nominique</span> <span class='ocrx_word' id='word_1_184' title='bbox 837 2330 915 2412; x_wconf 85' lang='lat'>¹),</span> <span class='ocrx_word' id='word_1_185' title='bbox 964 2349 1130 2396; x_wconf 83' lang='lat' dir='ltr'>nam</span> <span class='ocrx_word' id='word_1_186' title='bbox 1177 2329 1270 2397; x_wconf 76' lang='grc' dir='ltr'>ἐνὶ</span> <span class='ocrx_word' id='word_1_187' title='bbox 1319 2326 1581 2412; x_wconf 82' lang='grc' dir='ltr'><strong><em>δώμασι</em></strong></span> <span class='ocrx_word' id='word_1_188' title='bbox 1624 2329 1788 2394; x_wconf 87' lang='lat' dir='ltr'>Plut.</span> <span class='ocrx_word' id='word_1_189' title='bbox 1841 2328 2005 2394; x_wconf 84' lang='lat'>1158</span> <span class='ocrx_word' id='word_1_190' title='bbox 2049 2331 2115 2394; x_wconf 91' lang='lat' dir='ltr'>in</span> <span class='ocrx_word' id='word_1_191' title='bbox 2159 2315 2400 2394; x_wconf 88' lang='lat' dir='ltr'>cantico</span> <span class='ocrx_word' id='word_1_192' title='bbox 2449 2333 2566 2407; x_wconf 90' lang='lat' dir='ltr'>est,</span> <span class='ocrx_word' id='word_1_193' title='bbox 2611 2325 2702 2402; x_wconf 83' lang='lat' dir='ltr'>id·</span> 
     </span>
     <span class='ocr_line' id='line_1_21' title="bbox 465 2425 2702 2514; baseline -0.002 -18"><span class='ocrx_word' id='word_1_194' title='bbox 465 2449 586 2513; x_wconf 88' lang='lat' dir='ltr'>que</span> <span class='ocrx_word' id='word_1_195' title='bbox 655 2451 697 2498; x_wconf 92' lang='lat' dir='ltr'>a</span> <span class='ocrx_word' id='word_1_196' title='bbox 737 2433 994 2514; x_wconf 85' lang='lat' dir='ltr'>tragicis</span> <span class='ocrx_word' id='word_1_197' title='bbox 1040 2434 1234 2499; x_wconf 89' lang='lat' dir='ltr'>etiam</span> <span class='ocrx_word' id='word_1_198' title='bbox 1267 2427 1600 2498; x_wconf 66' lang='lat' dir='ltr'>&#39;abiudicat</span> <span class='ocrx_word' id='word_1_199' title='bbox 1641 2432 2042 2497; x_wconf 88' lang='lat' dir='ltr'>Hermannus</span> <span class='ocrx_word' id='word_1_200' title='bbox 2099 2431 2181 2497; x_wconf 88' lang='lat' dir='ltr'>ad</span> <span class='ocrx_word' id='word_1_201' title='bbox 2223 2432 2360 2514; x_wconf 91' lang='lat' dir='ltr'>Iph.</span> <span class='ocrx_word' id='word_1_202' title='bbox 2408 2430 2479 2497; x_wconf 91' lang='lat' dir='ltr'>T.</span> <span class='ocrx_word' id='word_1_203' title='bbox 2530 2425 2702 2496; x_wconf 81' lang='lat'><strong>1081.</strong></span> 
     </span>
     <span class='ocr_line' id='line_1_22' title="bbox 463 2533 2784 2624; baseline -0.002 -24"><span class='ocrx_word' id='word_1_204' title='bbox 463 2534 591 2601; x_wconf 87' lang='lat' dir='ltr'>Sed</span> <span class='ocrx_word' id='word_1_205' title='bbox 657 2541 872 2601; x_wconf 87' lang='lat' dir='ltr'>tamen</span> <span class='ocrx_word' id='word_1_206' title='bbox 933 2537 1163 2602; x_wconf 90' lang='lat' dir='ltr'>harum</span> <span class='ocrx_word' id='word_1_207' title='bbox 1226 2537 1544 2602; x_wconf 86' lang='lat' dir='ltr'>rationum</span> <span class='ocrx_word' id='word_1_208' title='bbox 1611 2536 1785 2601; x_wconf 90' lang='lat' dir='ltr'>nulla</span> <span class='ocrx_word' id='word_1_209' title='bbox 1827 2540 2076 2600; x_wconf 88' lang='lat' dir='ltr'>tantum</span> <span class='ocrx_word' id='word_1_210' title='bbox 2129 2536 2327 2616; x_wconf 90' lang='lat' dir='ltr'>valet,</span> <span class='ocrx_word' id='word_1_211' title='bbox 2394 2539 2472 2600; x_wconf 89' lang='lat' dir='ltr'>ut</span> <span class='ocrx_word' id='word_1_212' title='bbox 2534 2533 2702 2597; x_wconf 84' lang='lat' dir='ltr'>litem</span> <span class='ocrx_word' id='word_1_213' title='bbox 2777 2608 2784 2624; x_wconf 39' lang='grc' dir='ltr'><em>Ι</em></span> 
     </span>
     <span class='ocr_line' id='line_1_23' title="bbox 462 2632 2702 2721; baseline -0.001 -19"><span class='ocrx_word' id='word_1_214' title='bbox 462 2637 736 2703; x_wconf 87' lang='lat' dir='ltr'>dirimat.</span> <span class='ocrx_word' id='word_1_215' title='bbox 825 2632 1001 2705; x_wconf 85' lang='lat' dir='ltr'>Alias</span> <span class='ocrx_word' id='word_1_216' title='bbox 1045 2641 1295 2721; x_wconf 84' lang='lat' dir='ltr'>linguas</span> <span class='ocrx_word' id='word_1_217' title='bbox 1349 2637 1862 2720; x_wconf 86' lang='lat' dir='ltr'>comparantibus</span> <span class='ocrx_word' id='word_1_218' title='bbox 1920 2639 2239 2720; x_wconf 88' lang='lat' dir='ltr'>antiquius</span> <span class='ocrx_word' id='word_1_219' title='bbox 2283 2637 2539 2703; x_wconf 88' lang='lat' dir='ltr'>videtur</span> <span class='ocrx_word' id='word_1_220' title='bbox 2578 2653 2702 2700; x_wconf 91' lang='lat' dir='ltr'>mo-</span> 
     </span>
    </p>
   </div>
   <div class='ocr_carea' id='block_1_6' title="bbox 181 2732 2704 2827">
    <p class='ocr_par' dir='ltr' id='par_1_6' title="bbox 181 2732 2704 2827">
     <span class='ocr_line' id='line_1_24' title="bbox 181 2732 2704 2827; baseline -0.002 -21"><span class='ocrx_word' id='word_1_221' title='bbox 181 2814 186 2823; x_wconf 38' lang='lat'>,</span> <span class='ocrx_word' id='word_1_222' title='bbox 315 2802 344 2810; x_wconf 34' lang='lat' dir='ltr'>r</span> <span class='ocrx_word' id='word_1_223' title='bbox 412 2739 418 2744; x_wconf 78' lang='grc'>’</span> <span class='ocrx_word' id='word_1_224' title='bbox 458 2740 851 2827; x_wconf 83' lang='lat' dir='ltr'>nesyllabum</span> <span class='ocrx_word' id='word_1_225' title='bbox 895 2740 980 2820; x_wconf 75' lang='grc' dir='ltr'>ἐς,</span> <span class='ocrx_word' id='word_1_226' title='bbox 1031 2741 1154 2822; x_wconf 77' lang='grc' dir='ltr'><strong><em>ἒνς,</em></strong></span> <span class='ocrx_word' id='word_1_227' title='bbox 1202 2738 1314 2820; x_wconf 80' lang='grc' dir='ltr'><strong><em>εἷς,</em></strong></span> <span class='ocrx_word' id='word_1_228' title='bbox 1362 2738 1443 2822; x_wconf 76' lang='grc' dir='ltr'>ἲν,</span> <span class='ocrx_word' id='word_1_229' title='bbox 1491 2742 1579 2805; x_wconf 71' lang='lat' dir='ltr'>in.</span> <span class='ocrx_word' id='word_1_230' title='bbox 1604 2780 1686 2788; x_wconf 90' lang='lat'>—</span> <span class='ocrx_word' id='word_1_231' title='bbox 1722 2739 1945 2827; x_wconf 76' lang='grc' dir='ltr'><strong><em>Προσί</em></strong></span> <span class='ocrx_word' id='word_1_232' title='bbox 1966 2740 2262 2807; x_wconf 90' lang='lat' dir='ltr'>ficticium</span> <span class='ocrx_word' id='word_1_233' title='bbox 2286 2745 2413 2820; x_wconf 86' lang='lat' dir='ltr'>est;</span> <span class='ocrx_word' id='word_1_234' title='bbox 2463 2732 2704 2827; x_wconf 79' lang='grc' dir='ltr'><strong><em>προτί</em></strong></span> 
     </span>
    </p>
   </div>
   <div class='ocr_carea' id='block_1_7' title="bbox 361 2839 2708 4054">
    <p class='ocr_par' dir='ltr' id='par_1_7' title="bbox 361 2839 2708 4054">
     <span class='ocr_line' id='line_1_25' title="bbox 467 2839 2706 2927; baseline 0 -19"><span class='ocrx_word' id='word_1_235' title='bbox 467 2848 535 2909; x_wconf 91' lang='lat' dir='ltr'>et</span> <span class='ocrx_word' id='word_1_236' title='bbox 580 2871 630 2910; x_wconf 85' lang='grc' dir='ltr'><strong><em>π</em></strong></span> <span class='ocrx_word' id='word_1_237' title='bbox 650 2869 685 2910; x_wconf 91' lang='grc' dir='ltr'><strong><em>ο</em></strong></span> <span class='ocrx_word' id='word_1_238' title='bbox 708 2843 781 2910; x_wconf 79' lang='grc' dir='ltr'>τί</span> <span class='ocrx_word' id='word_1_239' title='bbox 847 2844 997 2927; x_wconf 82' lang='lat' dir='ltr'>quia</span> <span class='ocrx_word' id='word_1_240' title='bbox 1038 2839 1365 2926; x_wconf 85' lang='lat' dir='ltr'>nunquam</span> <span class='ocrx_word' id='word_1_241' title='bbox 1427 2844 1510 2910; x_wconf 89' lang='lat' dir='ltr'>ad</span> <span class='ocrx_word' id='word_1_242' title='bbox 1553 2842 2072 2926; x_wconf 84' lang='lat' dir='ltr'>monosyllabiam</span> <span class='ocrx_word' id='word_1_243' title='bbox 2113 2843 2384 2908; x_wconf 90' lang='lat' dir='ltr'>redeunt</span> <span class='ocrx_word' id='word_1_244' title='bbox 2425 2843 2551 2908; x_wconf 83' lang='lat' dir='ltr'>nisi</span> <span class='ocrx_word' id='word_1_245' title='bbox 2599 2858 2706 2924; x_wconf 81' lang='lat' dir='ltr'>per</span> 
     </span>
     <span class='ocr_line' id='line_1_26' title="bbox 462 2942 2708 3032; baseline -0.002 -22"><span class='ocrx_word' id='word_1_246' title='bbox 462 2946 984 3012; x_wconf 80' lang='lat' dir='ltr'>assimilationem</span> <span class='ocrx_word' id='word_1_247' title='bbox 1042 2947 1203 3031; x_wconf 76' lang='grc' dir='ltr'>(πὸτ</span> <span class='ocrx_word' id='word_1_248' title='bbox 1246 2944 1389 3032; x_wconf 79' lang='grc' dir='ltr'>τόν)</span> <span class='ocrx_word' id='word_1_249' title='bbox 1446 2953 1513 3013; x_wconf 89' lang='lat' dir='ltr'>et</span> <span class='ocrx_word' id='word_1_250' title='bbox 1561 2946 2074 3029; x_wconf 86' lang='lat' dir='ltr'>compositionem</span> <span class='ocrx_word' id='word_1_251' title='bbox 2119 2942 2426 3030; x_wconf 76' lang='grc' dir='ltr'>(πόταγε)</span> <span class='ocrx_word' id='word_1_252' title='bbox 2473 2945 2553 3011; x_wconf 91' lang='lat' dir='ltr'>ab</span> <span class='ocrx_word' id='word_1_253' title='bbox 2596 2944 2708 3009; x_wconf 85' lang='lat' dir='ltr'>hoc</span> 
     </span>
     <span class='ocr_line' id='line_1_27' title="bbox 361 3043 2701 3139; baseline -0.001 -28"><span class='ocrx_word' id='word_1_254' title='bbox 361 3071 372 3076; x_wconf 90' lang='lat'><strong>·</strong></span> <span class='ocrx_word' id='word_1_255' title='bbox 463 3046 598 3112; x_wconf 91' lang='lat' dir='ltr'>loco</span> <span class='ocrx_word' id='word_1_256' title='bbox 643 3048 853 3112; x_wconf 87' lang='lat' dir='ltr'>aliena</span> <span class='ocrx_word' id='word_1_257' title='bbox 897 3052 1075 3127; x_wconf 81' lang='lat' dir='ltr'>sunt3</span> <span class='ocrx_word' id='word_1_258' title='bbox 1122 3043 1162 3114; x_wconf 78' lang='grc' dir='ltr'><strong>ὖ</strong></span> <span class='ocrx_word' id='word_1_259' title='bbox 1177 3074 1228 3114; x_wconf 84' lang='grc' dir='ltr'><strong><em>π</em></strong></span> <span class='ocrx_word' id='word_1_260' title='bbox 1243 3074 1273 3114; x_wconf 82' lang='grc' dir='ltr'><strong><em>ε</em></strong></span> <span class='ocrx_word' id='word_1_261' title='bbox 1287 3046 1371 3133; x_wconf 81' lang='grc' dir='ltr'>ρί</span> <span class='ocrx_word' id='word_1_262' title='bbox 1412 3050 1807 3139; x_wconf 83' lang='lat' dir='ltr'>grammatici</span> <span class='ocrx_word' id='word_1_263' title='bbox 1849 3050 1972 3131; x_wconf 89' lang='lat' dir='ltr'>ipsi</span> <span class='ocrx_word' id='word_1_264' title='bbox 1992 3053 2253 3131; x_wconf 86' lang='lat' dir='ltr'>propter</span> <span class='ocrx_word' id='word_1_265' title='bbox 2275 3054 2410 3113; x_wconf 90' lang='lat' dir='ltr'>tres</span> <span class='ocrx_word' id='word_1_266' title='bbox 2433 3045 2701 3130; x_wconf 85' lang='lat' dir='ltr'>syllabas</span> 
     </span>
     <span class='ocr_line' id='line_1_28' title="bbox 462 3140 2701 3233; baseline -0 -20"><span class='ocrx_word' id='word_1_267' title='bbox 462 3140 766 3216; x_wconf 81' lang='lat' dir='ltr'>Graeciae</span> <span class='ocrx_word' id='word_1_268' title='bbox 809 3148 1039 3216; x_wconf 90' lang='lat' dir='ltr'>finibus</span> <span class='ocrx_word' id='word_1_269' title='bbox 1084 3154 1304 3216; x_wconf 89' lang='lat' dir='ltr'>arcent</span> <span class='ocrx_word' id='word_1_270' title='bbox 1345 3151 1490 3217; x_wconf 90' lang='lat' dir='ltr'>EM.</span> <span class='ocrx_word' id='word_1_271' title='bbox 1538 3152 1680 3217; x_wconf 77' lang='lat'><strong>778.</strong></span> <span class='ocrx_word' id='word_1_272' title='bbox 1727 3151 1841 3232; x_wconf 79' lang='lat'>263</span> <span class='ocrx_word' id='word_1_273' title='bbox 1889 3150 2070 3217; x_wconf 78' lang='grc' dir='ltr'><strong><em>συνί</em></strong></span> <span class='ocrx_word' id='word_1_274' title='bbox 2114 3170 2194 3217; x_wconf 92' lang='lat' dir='ltr'>ne</span> <span class='ocrx_word' id='word_1_275' title='bbox 2237 3170 2353 3233; x_wconf 91' lang='lat' dir='ltr'>per</span> <span class='ocrx_word' id='word_1_276' title='bbox 2397 3150 2701 3216; x_wconf 89' lang='lat' dir='ltr'>somnium</span> 
     </span>
     <span class='ocr_line' id='line_1_29' title="bbox 457 3241 2702 3345; baseline -0.002 -27"><span class='ocrx_word' id='word_1_277' title='bbox 457 3253 711 3333; x_wconf 90' lang='lat' dir='ltr'>quidem</span> <span class='ocrx_word' id='word_1_278' title='bbox 766 3241 1099 3335; x_wconf 86' lang='lat' dir='ltr'>imaginati</span> <span class='ocrx_word' id='word_1_279' title='bbox 1117 3332 1122 3345; x_wconf 31' lang='lat'><strong>¹</strong></span> <span class='ocrx_word' id='word_1_280' title='bbox 1140 3259 1288 3319; x_wconf 91' lang='lat' dir='ltr'>sunt</span> <span class='ocrx_word' id='word_1_281' title='bbox 1302 3304 1317 3335; x_wconf 89' lang='lat'>‚</span> <span class='ocrx_word' id='word_1_282' title='bbox 1386 3246 1521 3320; x_wconf 47' lang='lat' dir='ltr'>sed*</span> <span class='ocrx_word' id='word_1_283' title='bbox 1554 3251 1833 3335; x_wconf 68' lang='lat' dir='ltr'>recepto&#39;</span> <span class='ocrx_word' id='word_1_284' title='bbox 1874 3255 2293 3320; x_wconf 87' lang='lat' dir='ltr'>antevertisse</span> <span class='ocrx_word' id='word_1_285' title='bbox 2350 3254 2702 3335; x_wconf 86' lang='lat' dir='ltr'>suspicatur</span> 
     </span>
     <span class='ocr_line' id='line_1_30' title="bbox 456 3354 2657 3438; baseline -0 -19"><span class='ocrx_word' id='word_1_286' title='bbox 456 3354 723 3421; x_wconf 81' lang='lat' dir='ltr'>AhrenS.</span> <span class='ocrx_word' id='word_1_287' title='bbox 781 3357 927 3422; x_wconf 88' lang='lat' dir='ltr'>dial.</span> <span class='ocrx_word' id='word_1_288' title='bbox 972 3357 1145 3422; x_wconf 89' lang='lat' dir='ltr'>Aeol.</span> <span class='ocrx_word' id='word_1_289' title='bbox 1197 3356 1337 3438; x_wconf 86' lang='lat'>151,</span> <span class='ocrx_word' id='word_1_290' title='bbox 1386 3356 1462 3422; x_wconf 85' lang='lat' dir='ltr'>cf.</span> <span class='ocrx_word' id='word_1_291' title='bbox 1506 3355 1862 3422; x_wconf 88' lang='lat' dir='ltr'>Hoffmann.</span> <span class='ocrx_word' id='word_1_292' title='bbox 1909 3356 2164 3433; x_wconf 85' lang='lat' dir='ltr'>Quaest.</span> <span class='ocrx_word' id='word_1_293' title='bbox 2209 3357 2394 3423; x_wconf 75' lang='lat' dir='ltr'>Hom,</span> <span class='ocrx_word' id='word_1_294' title='bbox 2438 3357 2473 3421; x_wconf 93' lang='lat' dir='ltr'>I</span> <span class='ocrx_word' id='word_1_295' title='bbox 2521 3355 2657 3421; x_wconf 88' lang='grc'>167.</span> 
     </span>
     <span class='ocr_line' id='line_1_31' title="bbox 671 3454 2696 3546; baseline -0 -24"><span class='ocrx_word' id='word_1_296' title='bbox 671 3458 897 3523; x_wconf 89' lang='lat' dir='ltr'>Fuisse</span> <span class='ocrx_word' id='word_1_297' title='bbox 984 3461 1321 3542; x_wconf 87' lang='lat' dir='ltr'>aliquando</span> <span class='ocrx_word' id='word_1_298' title='bbox 1349 3511 1365 3541; x_wconf 88' lang='lat'>,</span> <span class='ocrx_word' id='word_1_299' title='bbox 1452 3461 1563 3542; x_wconf 85' lang='lat' dir='ltr'>qui</span> <span class='ocrx_word' id='word_1_300' title='bbox 1648 3459 2096 3526; x_wconf 86' lang='lat' dir='ltr'>adverbium</span> <span class='ocrx_word' id='word_1_301' title='bbox 2163 3454 2243 3546; x_wconf 77' lang='grc' dir='ltr'>ἤν</span> <span class='ocrx_word' id='word_1_302' title='bbox 2309 3459 2532 3525; x_wconf 90' lang='lat' dir='ltr'>eadem</span> <span class='ocrx_word' id='word_1_303' title='bbox 2596 3474 2696 3523; x_wconf 84' lang='lat' dir='ltr'>vo-</span> 
     </span>
     <span class='ocr_line' id='line_1_32' title="bbox 457 3557 2698 3644; baseline -0.001 -20"><span class='ocrx_word' id='word_1_304' title='bbox 457 3560 576 3626; x_wconf 88' lang='lat' dir='ltr'>cali</span> <span class='ocrx_word' id='word_1_305' title='bbox 622 3565 876 3628; x_wconf 85' lang='lat' dir='ltr'>auctum</span> <span class='ocrx_word' id='word_1_306' title='bbox 930 3567 1233 3644; x_wconf 89' lang='lat' dir='ltr'>putarent</span> <span class='ocrx_word' id='word_1_307' title='bbox 1247 3613 1263 3644; x_wconf 85' lang='lat'>,</span> <span class='ocrx_word' id='word_1_308' title='bbox 1331 3562 1538 3644; x_wconf 90' lang='lat' dir='ltr'>colligi</span> <span class='ocrx_word' id='word_1_309' title='bbox 1579 3568 1794 3644; x_wconf 86' lang='lat' dir='ltr'>potest</span> <span class='ocrx_word' id='word_1_310' title='bbox 1836 3580 1880 3627; x_wconf 81' lang='lat' dir='ltr'>-e</span> <span class='ocrx_word' id='word_1_311' title='bbox 1937 3563 2126 3628; x_wconf 83' lang='lat' dir='ltr'>schol.</span> <span class='ocrx_word' id='word_1_312' title='bbox 2173 3562 2431 3628; x_wconf 84' lang='lat' dir='ltr'>Theocr.</span> <span class='ocrx_word' id='word_1_313' title='bbox 2476 3561 2577 3626; x_wconf 88' lang='lat'>111</span> <span class='ocrx_word' id='word_1_314' title='bbox 2624 3557 2698 3623; x_wconf 91' lang='grc'>10</span> 
     </span>
     <span class='ocr_line' id='line_1_33' title="bbox 458 3658 2694 3752; baseline -0.002 -23"><span class='ocrx_word' id='word_1_315' title='bbox 458 3660 809 3731; x_wconf 75' lang='grc' dir='ltr'><strong><em>δασύνεται</em></strong></span> <span class='ocrx_word' id='word_1_316' title='bbox 876 3666 986 3732; x_wconf 83' lang='grc' dir='ltr'>καὶ</span> <span class='ocrx_word' id='word_1_317' title='bbox 1055 3660 1358 3745; x_wconf 76' lang='grc' dir='ltr'><strong><em>ὀξύνεται</em></strong></span> <span class='ocrx_word' id='word_1_318' title='bbox 1427 3666 1503 3731; x_wconf 86' lang='grc' dir='ltr'>τὸ</span> <span class='ocrx_word' id='word_1_319' title='bbox 1570 3659 1680 3751; x_wconf 78' lang='grc' dir='ltr'>ἧνί</span> <span class='ocrx_word' id='word_1_320' title='bbox 1742 3658 1853 3735; x_wconf 76' lang='grc' dir='ltr'>καὶ</span> <span class='ocrx_word' id='word_1_321' title='bbox 1918 3662 2077 3752; x_wconf 78' lang='grc' dir='ltr'><strong><em>παρ’</em></strong></span> <span class='ocrx_word' id='word_1_322' title='bbox 2135 3663 2459 3743; x_wconf 77' lang='grc' dir='ltr'>Ἀττικοῖς</span> <span class='ocrx_word' id='word_1_323' title='bbox 2524 3659 2694 3736; x_wconf 68' lang='grc' dir='ltr'><strong><em>οὕτω</em></strong></span> 
     </span>
     <span class='ocr_line' id='line_1_34' title="bbox 456 3757 2696 3855; baseline -0.003 -22"><span class='ocrx_word' id='word_1_324' title='bbox 456 3767 909 3855; x_wconf 79' lang='grc' dir='ltr'><strong><em>προφέρεται,</em></strong></span> <span class='ocrx_word' id='word_1_325' title='bbox 999 3773 1067 3832; x_wconf 76' lang='lat' dir='ltr'>et</span> <span class='ocrx_word' id='word_1_326' title='bbox 1128 3767 1298 3834; x_wconf 85' lang='lat' dir='ltr'>Suid.</span> <span class='ocrx_word' id='word_1_327' title='bbox 1375 3763 1505 3855; x_wconf 80' lang='grc' dir='ltr'>ἦνί</span> <span class='ocrx_word' id='word_1_328' title='bbox 1583 3761 1726 3832; x_wconf 76' lang='grc' dir='ltr'><strong><em>ἀντὶ</em></strong></span> <span class='ocrx_word' id='word_1_329' title='bbox 1804 3772 1922 3833; x_wconf 83' lang='grc' dir='ltr'>τοῦ</span> <span class='ocrx_word' id='word_1_330' title='bbox 1998 3764 2146 3835; x_wconf 76' lang='grc' dir='ltr'><strong><em>ἰδού</em></strong></span> <span class='ocrx_word' id='word_1_331' title='bbox 2223 3757 2548 3853; x_wconf 66' lang='grc' dir='ltr'><strong><em>δωρικῖῢς,</em></strong></span> <span class='ocrx_word' id='word_1_332' title='bbox 2634 3768 2696 3827; x_wconf 81' lang='lat' dir='ltr'>et</span> 
     </span>
     <span class='ocr_line' id='line_1_35' title="bbox 456 3863 2693 3956; baseline -0.001 -22"><span class='ocrx_word' id='word_1_333' title='bbox 456 3870 546 3934; x_wconf 88' lang='lat' dir='ltr'>sic</span> <span class='ocrx_word' id='word_1_334' title='bbox 622 3870 772 3934; x_wconf 94' lang='lat' dir='ltr'>olim</span> <span class='ocrx_word' id='word_1_335' title='bbox 847 3888 1037 3953; x_wconf 88' lang='lat' dir='ltr'>saepe</span> <span class='ocrx_word' id='word_1_336' title='bbox 1094 3870 1488 3936; x_wconf 89' lang='lat' dir='ltr'>scribebatur</span> <span class='ocrx_word' id='word_1_337' title='bbox 1554 3863 1647 3956; x_wconf 77' lang='grc' dir='ltr'>ἦν’</span> <span class='ocrx_word' id='word_1_338' title='bbox 1719 3866 1848 3943; x_wconf 80' lang='grc' dir='ltr'><em>ἰδέ,</em></span> <span class='ocrx_word' id='word_1_339' title='bbox 1924 3870 2039 3934; x_wconf 88' lang='lat' dir='ltr'>sed</span> <span class='ocrx_word' id='word_1_340' title='bbox 2101 3871 2230 3935; x_wconf 87' lang='lat' dir='ltr'>iam</span> <span class='ocrx_word' id='word_1_341' title='bbox 2297 3868 2693 3936; x_wconf 88' lang='lat' dir='ltr'>emendatum</span> 
     </span>
     <span class='ocr_line' id='line_1_36' title="bbox 454 3969 2689 4054; baseline -0.001 -17"><span class='ocrx_word' id='word_1_342' title='bbox 454 3978 583 4054; x_wconf 89' lang='lat' dir='ltr'>est,</span> <span class='ocrx_word' id='word_1_343' title='bbox 648 3992 706 4037; x_wconf 79' lang='lat' dir='ltr'>v.</span> <span class='ocrx_word' id='word_1_344' title='bbox 773 3973 857 4037; x_wconf 91' lang='lat' dir='ltr'>ad</span> <span class='ocrx_word' id='word_1_345' title='bbox 895 3973 1285 4039; x_wconf 81' lang='lat' dir='ltr'>Buttmann.</span> <span class='ocrx_word' id='word_1_346' title='bbox 1331 3972 1399 4038; x_wconf 90' lang='lat' dir='ltr'>H</span> <span class='ocrx_word' id='word_1_347' title='bbox 1441 3969 1587 4054; x_wconf 82' lang='lat'>344,</span> <span class='ocrx_word' id='word_1_348' title='bbox 1653 3972 1976 4054; x_wconf 86' lang='lat' dir='ltr'>Patholog.</span> <span class='ocrx_word' id='word_1_349' title='bbox 2042 3971 2308 4038; x_wconf 89' lang='lat' dir='ltr'>Elemm.</span> <span class='ocrx_word' id='word_1_350' title='bbox 2352 3972 2387 4038; x_wconf 91' lang='grc' dir='ltr'>Ι</span> <span class='ocrx_word' id='word_1_351' title='bbox 2431 3971 2572 4037; x_wconf 86' lang='grc'>607.</span> <span class='ocrx_word' id='word_1_352' title='bbox 2622 4003 2689 4014; x_wconf 92' lang='grc'><strong>-</strong></span> 
     </span>
    </p>
   </div>
   <div class='ocr_carea' id='block_1_8' title="bbox 453 4129 659 4138">
    <p class='ocr_par' dir='ltr' id='par_1_8' title="bbox 453 4129 659 4138">
     <span class='ocr_line' id='line_1_37' title="bbox 453 4129 659 4138; baseline 0 0"><span class='ocrx_word' id='word_1_353' title='bbox 453 4129 659 4138; x_wconf 95' lang='lat' dir='ltr'> </span> 
     </span>
    </p>
   </div>
   <div class='ocr_carea' id='block_1_9' title="bbox 661 4129 937 4140">
    <p class='ocr_par' dir='ltr' id='par_1_9' title="bbox 661 4129 937 4140">
     <span class='ocr_line' id='line_1_38' title="bbox 661 4129 937 4140; baseline 0 788"><span class='ocrx_word' id='word_1_354' title='bbox 661 4129 937 4140; x_wconf 95' lang='lat' dir='ltr'> </span> 
     </span>
    </p>
   </div>
   <div class='ocr_carea' id='block_1_10' title="bbox 452 4205 2699 4370">
    <p class='ocr_par' dir='ltr' id='par_1_10' title="bbox 452 4205 2699 4370">
     <span class='ocr_line' id='line_1_39' title="bbox 595 4205 2699 4289; baseline -0.001 -23"><span class='ocrx_word' id='word_1_355' title='bbox 595 4205 788 4277; x_wconf 77' lang='grc' dir='ltr'><strong><em>1)”Ενι</em></strong></span> <span class='ocrx_word' id='word_1_356' title='bbox 837 4216 1133 4279; x_wconf 77' lang='grc' dir='ltr'><strong><em>μεταθέσει</em></strong></span> <span class='ocrx_word' id='word_1_357' title='bbox 1179 4215 1276 4267; x_wconf 76' lang='grc' dir='ltr'>τοῦ</span> <span class='ocrx_word' id='word_1_358' title='bbox 1313 4211 1477 4268; x_wconf 80' lang='grc' dir='ltr'><strong><em>τόνου</em></strong></span> <span class='ocrx_word' id='word_1_359' title='bbox 1524 4210 1624 4268; x_wconf 81' lang='grc' dir='ltr'>οὐκ</span> <span class='ocrx_word' id='word_1_360' title='bbox 1671 4213 1748 4268; x_wconf 77' lang='grc' dir='ltr'><strong><em>ἔτι</em></strong></span> <span class='ocrx_word' id='word_1_361' title='bbox 1791 4210 2057 4286; x_wconf 76' lang='grc' dir='ltr'><strong><em>πρόθεσις</em></strong></span> <span class='ocrx_word' id='word_1_362' title='bbox 2108 4209 2219 4267; x_wconf 72' lang='grc' dir='ltr'><strong><em>ἀλλ’</em></strong></span> <span class='ocrx_word' id='word_1_363' title='bbox 2276 4217 2354 4274; x_wconf 74' lang='grc' dir='ltr'>εἰς</span> <span class='ocrx_word' id='word_1_364' title='bbox 2406 4205 2699 4289; x_wconf 72' lang='grc' dir='ltr'><strong><em>ῥηματικὸν</em></strong></span> 
     </span>
     <span class='ocr_line' id='line_1_40' title="bbox 452 4300 1468 4370; baseline 0.006 -20"><span class='ocrx_word' id='word_1_365' title='bbox 452 4303 771 4365; x_wconf 77' lang='grc' dir='ltr'><strong><em>μεταβαίνει</em></strong></span> <span class='ocrx_word' id='word_1_366' title='bbox 807 4301 972 4356; x_wconf 74' lang='lat' dir='ltr'>schol.</span> <span class='ocrx_word' id='word_1_367' title='bbox 1008 4302 1168 4358; x_wconf 80' lang='lat' dir='ltr'>Arist.</span> <span class='ocrx_word' id='word_1_368' title='bbox 1205 4303 1341 4370; x_wconf 86' lang='lat' dir='ltr'>qu.</span> <span class='ocrx_word' id='word_1_369' title='bbox 1383 4300 1468 4356; x_wconf 87' lang='grc'>17.</span> 
     </span>
    </p>
   </div>
   <div class='ocr_carea' id='block_1_11' title="bbox 2878 88 2881 2112">
    <p class='ocr_par' dir='ltr' id='par_1_11' title="bbox 2878 88 2881 2112">
     <span class='ocr_line' id='line_1_41' title="bbox 2878 88 2881 2112; baseline 0 0"><span class='ocrx_word' id='word_1_370' title='bbox 2878 88 2881 2112; x_wconf 95' lang='lat' dir='ltr'> </span> 
     </span>
    </p>
   </div>
   <div class='ocr_carea' id='block_1_12' title="bbox 2877 2269 2881 3583">
    <p class='ocr_par' dir='ltr' id='par_1_12' title="bbox 2877 2269 2881 3583">
     <span class='ocr_line' id='line_1_42' title="bbox 2877 2269 2881 3583; baseline 0 0"><span class='ocrx_word' id='word_1_371' title='bbox 2877 2269 2881 3583; x_wconf 95' lang='lat' dir='ltr'> </span> 
     </span>
    </p>
   </div>
   <div class='ocr_carea' id='block_1_13' title="bbox 2878 3792 2881 4593">
    <p class='ocr_par' dir='ltr' id='par_1_13' title="bbox 2878 3792 2881 4593">
     <span class='ocr_line' id='line_1_43' title="bbox 2878 3792 2881 4593; baseline 0 0"><span class='ocrx_word' id='word_1_372' title='bbox 2878 3792 2881 4593; x_wconf 95' lang='lat' dir='ltr'> </span> 
     </span>
    </p>
   </div>
  </div>
 </body>
</html>
