2946 4928
466 344 583 410 DE
631 341 1118 447 SYNAERESL
1163 345 1568 414 DIAERESI
1607 352 1728 414 ete.
1796 348 1865 414 P.
1888 347 1971 414 II.
2016 347 2190 415 G.11.
2237 349 2291 435 ἓ.
2317 347 2375 415 6.
2443 348 2584 416 119·

325 507 518 574 retuli
558 508 628 574 in
666 507 935 575 Elemm.
979 509 1013 575 1
1057 507 1201 591 332,
1266 511 1386 576 sed
1451 511 1705 577 obstare
1749 512 2001 579 videtur
2042 513 2277 603 vocalis
2321 513 2567 580 mediae

326 612 672 694 longitude.
724 646 795 659 --
853 611 1291 679 Subiunctivos
1336 611 1530 692 ὅπως
1571 613 1664 701 μὴ
1689 611 2071 682 σκεδάννυσι
2099 615 2274 703 εἰμὴ
2298 612 2567 683 σκεδάν-

323 740 512 782 νυται
559 716 728 804 apud
750 714 1077 782 Platonem
1121 722 1188 782 et
1228 714 1394 785 ὅταν
1439 716 1879 784 ἐπιδείκνυται
1902 718 2159 785 Lucian.
2197 718 2352 785 Salt.
2378 721 2433 805 ξ.
2462 719 2562 800 70,

324 836 482 901 quos
527 818 955 885 Buttmannus
1000 820 1054 904 ἕ.
1105 818 1245 885 107.
1291 818 1375 885 36
1438 838 1586 886 cum
1629 820 1922 886 Bekkero
1975 823 2565 904 properispomenos

327 921 494 1001 fecit,
561 926 859 988 accentus
904 921 1188 988 codicum
1254 940 1566 988 consensu
1631 918 2036 991 confirmatus
2079 941 2392 1006 syncopae
2433 925 2569 989 vin-

343 1026 526 1106 dicat,
569 1043 733 1108 quae
760 1025 1042 1095 'inreve
1063 1026 1364 1108 relinquit
1386 1024 1492 1109 [cf.
1539 1027 1675 1093 Vol.
1719 1026 1753 1091 Ι
1795 1025 1834 1090 l.
1879 1027 1919 1090 1.
1963 1022 2323 1117 ῥήγνυται].
2374 1063 2444 1075 --
2496 1026 2571 1092 In

328 1129 684 1197 nominibus
728 1147 874 1194 cum
920 1132 1081 1215 ὁρῦς
1122 1131 1487 1211 compositis
1534 1129 1765 1206 Graeci
1804 1132 1847 1202 ἲ
1908 1132 2317 1198 connexivum
2379 1130 2567 1196 modo

322 1232 642 1314 integrum
689 1232 994 1297 retinent:
1045 1230 1442 1320 δρυοπαγύς,
1485 1217 1672 1301 modo
1718 1232 2036 1316 abiiciunt,
2080 1234 2362 1300 vocalem
2404 1251 2570 1315 quae
2690 1312 2694 1316 ,

322 1337 645 1402 antecedit
686 1335 1126 1416 corripientes:
1172 1331 1523 1421 δρυτόμος,
1568 1340 1642 1401 ut
1686 1353 1875 1419 saepe
1920 1337 2100 1418 epici,
2149 1356 2207 1402 v.
2253 1335 2568 1419 Spitzner.

319 1439 582 1505 Prosod.
628 1436 749 1519 973
818 1442 931 1503 aut
983 1439 1177 1509 etiam
1241 1438 1406 1503 hanc
1466 1437 1851 1521 producunt,
1917 1460 1975 1505 v.
2039 1439 2126 1504 ad
2165 1437 2396 1522 Phryn.
2443 1438 2567 1505 697

320 1541 596 1626 [Pathol.
640 1541 675 1606 1
730 1540 904 1626 307J,
951 1542 1083 1608 sive
1127 1529 1280 1606 arsi‘
1301 1541 1563 1620 elatam,
1609 1542 1744 1607 sive
1784 1562 1902 1625 per
1944 1543 2171 1608 crasin.
2198 1579 2270 1590 —
2301 1542 2565 1625 Ypsilon

318 1644 515 1710 breve
558 1643 755 1712 habet
795 1645 1052 1730 μυγαλῆ
1116 1644 1183 1709 in
1245 1644 1413 1709 thesi
1467 1643 1745 1724 positum
1786 1645 1854 1709 in
1895 1642 2295 1711 Damocratis
2337 1644 2566 1710 iambis

318 1767 381 1815 v.
427 1746 512 1812 20
577 1748 749 1829 apud
813 1746 1034 1813 Galen.
1080 1748 1160 1812 de
1202 1730 1417 1812 Antid.
1462 1746 1584 1812 XV
1628 1744 1706 1813 91
1755 1744 1826 1812 Τ.
1871 1744 2056 1825 XIV,-
2106 1745 2363 1829 longum
2416 1764 2567 1813 vero

319 1850 627 1937 μυογαλῆ
670 1850 741 1915 in
780 1851 1087 1933 principio
1110 1867 1333 1916 versus
1354 1849 1619 1916 Nicand.
1645 1848 1757 1915 Th.
1789 1846 1938 1915 815.
1968 1882 2039 1898 --
2069 1848 2146 1915 In
2167 1849 2239 1915 Il.
2263 1848 2416 1917 XVI
2442 1849 2562 1916 321

318 1971 440 2036 pro
484 1951 645 2030 στὰς
691 1949 998 2041 πρόσθεν
1041 1953 1265 2031 νέκυος
1305 1953 1373 2018 in
1413 1952 1592 2019 Harl.
1635 1953 1943 2035 scriptum
1985 1958 2087 2021 est
2129 1949 2568 2045 προπάροςθε

320 2056 575 2145 νέκυος,
622 2057 792 2138 quod
812 2054 1105 2122 Glarkius
1151 2056 1457 2139 synizesis
1500 2057 1751 2123 nomine
1773 2061 2050 2137 excusat,
2094 2074 2212 2123 nec
2255 2056 2572 2122 detrectat

325 2158 734 2226 Thierschius
780 2160 834 2244 g.
886 2158 1026 2224 191.
1073 2158 1177 2226 25.
1227 2197 1299 2207 —-
1353 2158 1598 2225 Eadem
1641 2161 1886 2226 ratione
1925 2176 2081 2226 usus
2108 2159 2151 2226 J
2152 2158 2443 2225 acobsius
2487 2160 2571 2226 ad

318 2261 577 2328 Anthol.
623 2281 684 2343 p.
709 2260 836 2328 938
860 2259 995 2329 δύω
1021 2262 1291 2344 scripsit,
1336 2262 1497 2327 duas
1542 2262 1819 2344 syllabas
1860 2263 1928 2328 in
1969 2250 2163 2327 uriam
2206 2266 2564 2329 contractas

320 2383 468 2432 esse
535 2368 820 2431 statuens
886 2369 961 2430 ut
1025 2366 1092 2429 in
1154 2365 1537 2433 Lucretiano
1603 2364 1932 2429 duellione.
2065 2364 2567 2449 Monosyllabum

323 2472 509 2537 δυοῖν
556 2467 742 2551 Soph.
769 2468 924 2534 Oed.
971 2469 1039 2533 T.
1065 2466 1193 2534 640
1236 2469 1639 2536 Hermannus
1685 2467 1968 2535 defenffit
2009 2471 2298 2552 exemplo
2340 2475 2568 2552 poetae
2661 2448 2680 2466 '

270 2655 277 2664 Ι
317 2571 536 2638 Latini
560 2570 888 2635 duodecies
910 2573 976 2636 in
1020 2573 1328 2655 principio
1369 2572 1723 2638 hexametri
1744 2590 1978 2654 ponere
1999 2574 2159 2639 ausi.
2224 2573 2570 2664 Numerale

322 2674 640 2741 Graecum
688 2675 949 2756 attingit
988 2675 1133 2740 EM.
1180 2674 1324 2744 294.
1370 2675 1452 2742 25
1501 2671 1572 2743 ἐκ
1626 2677 1741 2740 τοῦ
1788 2670 1907 2742 δύο
1953 2675 2064 2742 καὶ
2107 2678 2226 2743 τοῦ
2272 2676 2430 2742 δέκα
2471 2672 2566 2763 yt'·

319 2802 506 2845 vetat
545 2777 942 2856 ὀυοδέκατος
976 2777 1088 2843 καὶ
1110 2771 1346 2865 κράσει
1373 2775 1748 2855 δώδεκατος
1776 2777 1940 2861 [Vol.
1963 2778 1996 2843 I
2019 2778 2192 2864 327}
2222 2816 2293 2828 --
2323 2778 2568 2845 Nomen

318 2881 668 2967 mammon
710 2885 777 2946 et
797 2880 1169 2966 Electvyone
1190 2883 1510 2948 Hesiodus
1554 2880 1842 2947 versibus
1885 2881 2021 2947 suis
2051 2882 2238 2948 aliter
2258 2882 2565 2965 adaptare

317 3003 452 3050 non
492 2983 718 3066 potuit,
761 2984 884 3049 nisi
929 2988 1042 3049 aut
1082 2983 1426 3049 secundam
1470 2984 1779 3067 syllabam
1802 2986 2149 3068 corriperet
2173 2990 2290 3052 ant
2310 2986 2565 3051 tertiam

316 3091 393 3152 et
432 3090 728 3168 quartam
769 3084 956 3151 unius
1001 3086 1203 3151 instar
1244 3085 1513 3152 haberet
1527 3136 1543 3167 2
1607 3088 1779 3169 quod
1835 3089 2186 3156 certissime
2227 3086 2567 3171 Euripides

324 3188 451 3254 sibi
491 3189 782 3270 permisit
823 3190 890 3253 in
934 3189 1208 3271 genitivo
1246 3183 1572 3275 Ἐρινύων,
1639 3190 1983 3272 eodemque
2025 3183 2212 3258 modo
2255 3183 2567 3257 Pindarus

321 3286 569 3377 γενύων
610 3292 1059 3373 pronuntiavit,
1127 3290 1355 3373 quibus
1422 3290 1499 3356 G.
1544 3290 1908 3359 Dindorfius
1962 3292 2244 3375 praefert
2282 3294 2565 3375 panispe-

319 3410 513 3460 mena
547 3387 817 3480 Ἔρινῧν,
865 3398 1071 3479 γενῦν,
1120 3393 1196 3459 cf.
1243 3392 1628 3459 Schneidew.
1672 3394 1757 3458 ad
1797 3394 1980 3477 Pyth.
2024 3395 2117 3461 IV
2160 3394 2306 3460 225.

496 3496 550 3582 §-
598 3498 654 3563 7.
729 3488 896 3575 Ὠας
939 3502 1006 3562 et
1047 3488 1235 3567 ὤατα
1277 3495 1536 3578 propria
1579 3500 1730 3563 sunt
1773 3497 2028 3563 dialecti
2071 3496 2358 3578 Doricae,
2406 3516 2561 3565 usus

318 3601 564 3682 recepit
606 3594 724 3680 οὖς
786 3605 856 3666 et
900 3594 1040 3667 ὦτα
1104 3598 1290 3683 quasi
1357 3602 1766 3665 contractum.
1855 3604 2058 3678 Κῶας
2098 3598 2243 3667 ΕΜ.
2290 3600 2436 3667 550.
2486 3600 2565 3668 12

321 3721 361 3769 e
406 3700 531 3781 κώς
576 3703 748 3788 ·(hoc
803 3703 1094 3786 accentu)
1156 3704 1523 3785 pleonasmo
1586 3704 1973 3783 prolatatum
2037 3702 2219 3768 dicit*
2253 3703 2567 3786 huiusque

320 3806 738 3889 monosyllabi
776 3826 974 3873 unum
1025 3807 1180 3872 citat
1240 3809 1477 3871 testem
1518 3805 1933 3872 Nicocharem
1976 3807 2281 3871 comicum
2325 3806 2564 3889 (Frgm.

323 3909 464 3975 Vol.
509 3909 577 3976 11
616 3907 794 3993 845),
841 3910 954 3976 sed
997 3908 1376 3991 antiquitate
1418 3908 1605 3991 longe
1647 3909 1850 3975 anteit
1891 3912 2070 3986 κῶας
2134 3907 2299 3992 [Vol.
2343 3908 2376 3973 I
2419 3907 2564 3990 404,

324 4009 403 4078 cf.
428 4011 555 4078 227
579 4017 647 4079 et
666 4010 887 4078 Rhem.
911 4009 1085 4096 314}
1135 4047 1207 4059 -—-
1253 4007 1573 4093 Ἐπωάζω
1620 4030 1697 4077 ex
1742 4006 1982 4093 ἕπώζω
2026 4015 2247 4076 natum
2270 4028 2412 4076 esse
2447 4011 2565 4077 hoc

322 4115 531 4197 magis
576 4114 838 4182 dubium
881 4114 1207 4194 habemus,
1251 4114 1421 4196 quod
1461 4113 1609 4179 huic
1654 4113 1907 4195 saepius
1951 4113 2081 4178 iota
2127 4113 2563 4194 subscribitur,
2701 4127 2710 4136 '

324 4218 517 4300 idque
560 4217 815 4297 rectius
860 4223 935 4283 ut
975 4217 1244 4298 videtur,
1291 4218 1414 4283 etsi
1444 4213 1712 4298 ἑπωίζω
1755 4233 1879 4280 non
1922 4215 2209 4297 legimuS‚
2256 4216 2369 4281 sed
2414 4216 2563 4282 sim-

323 4320 470 4403 plex
532 4320 720 4387 modo
781 4317 982 4403 Ὠίζει
1008 4316 1447 4408 ⁹3711210'229221011
1493 4319 1645 4387 Hes.
1712 4317 2009 4384 Ceterum
2075 4318 2329 4399 utrique
2372 4317 2565 4384 verbo
