2946 4928
414 282 552 360 ιιι
861 343 866 349 .
1171 282 1751 362 mssnRrArio
1797 266 1939 354 vri.

412 443 557 514 EM.
581 444 725 516 606.
759 445 838 510 18
881 451 1118 534 νικῷμι
1164 454 1334 535 νικῷ»
1360 450 1761 535 πλεονασμῷ
1805 451 1923 514 τοῦ
1966 449 2036 533 ’ἧ
2081 446 2361 525 ἀπειθῶς
2406 445 2667 535 νικῴη,

367 567 370 570 ·
418 549 492 629 ἐξ
546 537 628 614 οὗ
672 546 943 637 νικῴην,
1018 555 1085 616 et
1124 550 1497 633 Apollonius
1541 550 1778 618 ibidem
1821 552 2053 618 citatus
2099 548 2243 616 664.
2289 550 2370 615 27
2435 576 2665 632 περι-

278 736 281 740 .
416 677 466 716 π
485 676 527 715 α
546 677 580 715 τ
597 677 631 715 ο
648 649 676 718 ί
686 677 726 739 η
792 652 1158 734 pleonasmo
1225 654 1437 722 Attico
1504 660 1787 735 auctum,
1829 653 2000 725 ,hinc
2055 660 2270 720 autem
2326 653 2669 720 secundam

412 772 750 835 personam
793 760 1000 820 ortam
1044 775 1188 823 esse
1233 756 1528 823 affirmat.
1616 756 1814 821 Nobis
1861 758 2015 822 satis
2062 763 2162 822 est
2205 756 2448 835 dicere,
2507 755 2666 820 duos

411 855 612 945 fuisse
676 858 940 939 optativi
978 856 1225 941 flexus,
1293 878 1491 926 unum
1543 859 1931 926 ordinarium
1983 864 2120 947 ἱῑῖῗ
2187 861 2326 946 ᾧῖξ
2394 858 2667 924 alterum

414 960 719 1026 vicarium
760 963 899 1032 οΤ
811 997 908 1046 ην,
953 965 1094 1049 ῳ-ηἶ
1160 982 1284 1045 quo
1329 962 1574 1040 tollitur
1616 962 2037 1043 pleonasmus
2109 1000 2180 1009 —
2247 961 2473 1043 Neque
2518 979 2667 1027 eum

416 1063 814 1132 concedimus
849 1064 1398 1144 subiunctiviS,
1445 1082 1604 1145 quos
1627 1064 1830 1145 Epim.
1861 1065 1927 1129 II
1955 1065 2093 1131 127.
2124 1065 2200 1132 12
2226 1083 2511 1131 seorsum
2529 1069 2663 1129 tra-

414 1157 563 1245 etat,
610 1160 829 1252 ἆλῳη
877 1164 1300 1249 πλεονασμός
1368 1166 1505 1235 ἐστι
1574 1173 1691 1232 τοῦ
1752 1206 1785 1251 η
1849 1163 1938 1246 ὡς
2003 1168 2081 1233 τὸ
2154 1172 2247 1254 δῷ
2315 1170 2479 1252 δῷσι
2551 1167 2666 1233 καὶ

412 1271 814 1356 πλεονασμῷ
861 1274 979 1334 τοῦ
1040 1308 1074 1354 η
1141 1268 1426 1359 δῴησι,
1483 1289 1606 1351 quo
1651 1270 1786 1336 loco
1829 1276 1974 1353 post
2020 1275 2135 1336 zoe*
2199 1308 2231 1354 η
2294 1270 2667 1336 exciderunt

408 1370 604 1436 Verba
639 1367 787 1459 ’δῴη
835 1372 948 1438 καὶ
993 1370 1348 1442 &rc-euzoium
1404 1378 1522 1461 τῆς
1566 1407 1623 1444 σι
1667 1375 1998 1461 συλλαβῆς
2044 1371 2274 1461 ὃῴησι.
2362 1373 2540 1437 Haec
2585 1391 2666 1437 ex

408 1473 761 1540 Homericis
800 1476 1028 1569 sumsit
1068 1478 1380 1559 versibus,
1424 1496 1583 1559 quos
1630 1477 1828 1542 critici
1871 1478 2074 1542 nostri
2117 1476 2199 1541 ad
2229 1461 2513 1542 ordinem
2557 1495 2667 1540 re-

411 1582 718 1646 vocarunt
759 1578 892 1643 iota
936 1598 1014 1643 ex
1056 1581 1408 1660 penultima
1472 1581 1543 1646 in
1582 1581 1872 1646 ultimam
1915 1577 2399 1646 transferentes:
2449 1574 2663 1666 ἁλώῃ,

419 1678 579 1769 δώῃ,
627 1678 859 1769 δώῃσι,
906 1700 1113 1764 neque
1158 1685 1344 1750 aliter
1390 1684 1749 1749 scribuntur
1789 1678 1884 1768 βή
1898 1708 1976 1770 ῃ,
2024 1678 2231 1769 γνώῃ
2279 1687 2388 1748 etc.
2409 1732 2429 1761 ,
2492 1700 2663 1763 quae

409 1785 806 1867 grammatici
844 1786 910 1849 in
952 1785 1217 1852 Elemm.
1263 1787 1295 1851 1
1338 1786 1465 1852 436
1534 1788 1711 1853 citati
1774 1805 1888 1870 pro
1953 1784 2072 1848 hac
2139 1802 2332 1849 causa
2385 1782 2666 1850 afferunt

407 1889 538 1953 iota
583 1887 1057 1956 subscribentes
1100 1890 1509 1970 penultimae,
1555 1889 1630 1954 cf.
1674 1888 1818 1953 EM.
1867 1886 1966 1951 73.
2013 1885 2094 1951 43
2143 1885 2310 1969 [infr.
2358 1885 2510 1967 Cap.
2558 1885 2663 1950 ΙΠ

409 1991 444 2075 ἓ
497 1990 526 2054 1
575 1977 736 2074 ult.].
824 1988 955 2054 Nos
1012 2008 1162 2055 vero
1217 1990 1283 2055 in
1339 1992 1458 2056 hac
1504 1991 1899 2073 agnoscimus
1942 1989 2222 2055 vocalem
2263 1988 2440 2054 verbi
2482 1989 2660 2071 prin-

412 2093 679 2174 cipalem
750 2110 827 2158 ex
883 2092 1064 2157 brevi
1117 2092 1461 2159 thematica
1524 2093 1592 2158 in
1633 2095 1702 2176 ’ἧ
1747 2098 1813 2158 et
1857 2094 1929 2162 ἶῐ
1971 2093 2227 2174 longum
2269 2109 2658 2172 conversam,

413 2195 481 2260 in
545 2195 749 2262 altera
818 2198 1032 2259 autem
1075 2193 1585 2261 terminationem
1632 2194 2013 2261 subiunctivi
2073 2195 2413 2276 propriam.
2526 2192 2658 2259 Sed

406 2297 565 2363 haec
650 2298 777 2364 iam
847 2299 1002 2364 satis
1072 2300 1388 2381 expedivit
1450 2298 1853 2364 Thierschius
1902 2314 2178 2379 gramm.
2225 2298 2285 2382 ἓ.
2327 2296 2453 2363 224
2507 2298 2654 2364 adn.

404 2420 466 2484 p.
515 2400 658 2468 370.
731 2440 802 2450 -
899 2400 1182 2469 Ceterae
1233 2403 1535 2469 orationis
1603 2405 1821 2484 partes
1897 2399 2055 2466 nihil
2129 2400 2253 2464 huc
2325 2398 2660 2467 conferunt

404 2509 661 2586 praeter
707 2499 760 2572 ὦ
806 2507 1112 2593 naman&
1157 2503 1496 2595 ἕπίῤῥημα
1542 2505 1653 2571 καὶ
1687 2505 2088 2590 πλεονασμῷ
2133 2509 2251 2569 τοῦ
2294 2505 2364 2588 ἠ’
2406 2500 2660 2587 γίνεται

408 2602 503 2695 ὠή
577 2632 805 2697 ωστερ
860 2609 936 2674 τὸ
998 2608 1064 2675 τί
1117 2607 1224 2697 τίη
1288 2608 1431 2674 ΕΜ.
1478 2606 2222 2700 821.10,quibuscuin
2274 2605 2657 2671 Eustathius

406 2708 549 2775 631.
598 2712 635 2775 7
682 2708 873 2798 ἐπειὴ
922 2710 1178 2778 confert.
1268 2711 1498 2788 Quidni
1542 2729 1690 2777 vero
1736 2713 1803 2774 et
1843 2709 1962 2774 hoc
2028 2714 2094 2774 et
2142 2709 2372 2774 Latina
2415 2732 2484 2791 o,
2554 2707 2656 2790 oh,

405 2811 518 2874 ohe
562 2815 783 2881 eadem
828 2819 1015 2881 aetas
1052 2819 1119 2880 et
1160 2823 1278 2901 par
1321 2813 1669 2892 necessitas
1712 2813 2088 2895 protulerit?

578 2967 632 3049 ἓ.
677 2967 735 3030 2.
823 2967 1182 3031 Proximam
1226 2985 1440 3030 curam
1485 2967 1768 3047 postulat
1808 2966 1978 3031 iota
2020 2965 2254 3031 breve
2297 2964 2654 3048 longum-

403 3084 565 3148 que.
658 3066 783 3132 Sed
825 3068 1013 3133 huius
1042 3067 1346 3149 ‘exempla
1390 3069 1818 3151 frequentiora
1849 3072 2014 3147 sunt,
2059 3085 2214 3131 usus
2250 3067 2653 3153 exploratior.

401 3169 499 3235 De
544 3169 721 3235 brevi
765 3170 975 3236 brevis
1043 3177 1143 3237 est
1188 3171 1533 3252 disputatio
1592 3170 1835 3236 dativos
1890 3170 2131 3251 primae
2201 3176 2267 3235 et
2334 3171 2656 3238 secundae

400 3272 833 3339 declinationis
878 3266 1006 3339 una
1028 3275 1476 3356 complectens:
1525 3271 1789 3360 κοίλῃσι
1835 3267 2061 3356 ἶωνικῆ
2099 3269 2272 3337 ἔστιν
2305 3272 2658 3364 &assumtus

398 3375 607 3456 Epim.
653 3376 686 3440 Ι
730 3375 872 3441 219.
925 3378 977 3441 1.
1066 3377 1343 3442 Ionicam
1412 3376 1564 3440 dicit
1628 3379 1888 3456 propter
1941 3374 2335 3440 Herodotum
2389 3375 2652 3456 potissi-

397 3497 599 3559 mum,
670 3498 858 3561 quem
906 3485 1269 3545 constanter
1311 3498 1389 3544 ea
1430 3497 1618 3544 usum
1663 3496 1803 3543 esse
1848 3477 2126 3542 ostendit
2169 3477 2519 3542 Bredovius
2559 3469 2651 3540 de

399 3580 561 3646 Dial.
608 3581 754 3646 233.
841 3581 940 3646 Ex
984 3581 1137 3647 Iade
1180 3580 1541 3647 transfluxit
1582 3582 1649 3645 in
1692 3580 2019 3645 Atthidem
2067 3581 2419 3661 antiquam,
2467 3579 2652 3644 cuius

399 3685 719 3767 specimen
763 3689 865 3749 est
909 3688 1286 3772 σφαγαῖσιν”
1319 3686 1385 3750 in
1431 3683 1674 3776 Solonis
1719 3701 1918 3747 axone
1963 3683 2201 3747 decimo
2246 3682 2436 3746 tertio
2480 3680 2652 3746 Plut.

397 3785 625 3851 v..Sol
672 3805 723 3851 c.
766 3787 922 3851 XIX
967 3792 1034 3851 et
1074 3787 1219 3852 huic
1241 3787 1594 3868 proximum
1619 3787 1737 3851 ταί
1740 3800 1890 3872 ’τησι
1925 3786 1991 3849 in
2013 3789 2228 3850 vetere
2249 3783 2389 3865 lege
2412 3783 2650 3864 Attica,

397 3888 574 3953 cuius
617 3889 1044 3955 Buttmannus
1089 3889 1374 3955 meminit
1418 3887 1565 3972 §34
1610 3887 1754 3952 adn.
1801 3887 1885 3952 20
1928 3887 2177 3969 aliaque
2221 3887 2286 3951 in
2319 3886 2650 3967 Inscriptt.

396 3990 680 4056 eiusdem
725 3992 1023 4072 dialecti,
1042 3990 1115 4056 cf.
1161 3991 1321 4056 Keil.
1369 3990 1590 4056 Sched.
1615 3989 1833 4072 Epigr.
1857 4009 1917 4071 p.
1941 3988 2000 4054 4.
2059 3988 2134 4053 In
2158 3988 2347 4054 Thuc.
2371 3968 2533 4052 VIH
2555 3987 2648 4052 82

393 4111 557 4158 unus
601 4094 800 4159 Paris.
848 4088 1159 4160 ἐκείνοισι
1201 4091 1494 4175 praebet,
1543 4091 1711 4176 quod
1753 4093 1968 4175 Poppo
2011 4092 2216 4174 poetis
2262 4090 2491 4156 Atticis
2539 4096 2646 4157 at—

363 4213 518 4276 que
560 4196 810 4263 Platoni
851 4198 1334 4281 relinquendum
1377 4202 1610 4262 censet.
1667 4196 1949 4261 Platonis
1972 4194 2261 4275 exempla
2295 4211 2331 4257 e
2356 4193 2648 4260 codicum
