2946 4928
417 342 535 409 DE
583 341 1072 426 SYNAERESI,
1117 343 1521 411 DIAERESI
1555 349 1672 413 etc.
1735 345 1909 413 P.11.
1957 345 2163 414 (2111
2209 348 2264 434 ἓ.
2293 348 2345 414 1.
2407 343 2529 414 123

290 506 368 576 σὺ
412 504 663 586 πάντας
707 510 923 597 δαμνᾷ
970 503 1353 589 ἀθανάτους
1382 509 1458 592 ¹),
1528 510 1618 576 sic
1663 511 1829 576 enim
1868 510 2057 593 vulgo
2098 511 2351 595 legitur,
2417 512 2534 578 sed

290 610 625 677 nonnullos
668 629 783 692 pro
827 612 1267 694 perispomeno
1313 612 1566 678 dedisse
1623 618 2055 697 paroxytonon
2098 615 2411 699 colligitur
2455 633 2534 682 ex

282 714 480 780 schol.
526 713 672 779 Vat.
717 715 778 780 h.
825 715 864 779 1.
932 717 1149 806 δαμνᾷ
1216 709 1471 798 ὁμοίως
1537 721 1629 804 τῷ
1685 723 1939 807 ,,πειρᾷ
2003 713 2256 801 ἐμεῖο“,
2326 714 2390 785 οἳ
2457 718 2532 787 δὲ

295 815 530 906 δώριον
575 811 740 884 αὐτό
809 840 1017 904 φασιν
1061 812 1205 882 ἀντὶ
1252 822 1371 885 τοῦ
1418 815 1778 900 δάμνασαιτ
1851 815 2532 908 οἱῖτωςἈρίσταρχός

300 944 496 1008 φησιν
558 920 752 1004 (adde
809 915 899 998 ὦς
944 918 1049 1002 τὸ)
1114 917 1381 1011 ἐπίστᾳ,
1436 918 1619 1012 δύνᾳ·
1685 921 1761 987 τὸ
1830 918 1986 987 ὅλον
2031 922 2107 990 δὲ
2150 920 2530 990 ἐπίστασαι·

304 1021 539 1107 Δάμνα
603 1023 659 1088 si
722 1022 1023 1090 scribitur
1089 1024 1225 1089 sine
1267 1026 1399 1090 iota
1412 1074 1427 1105 ,
1493 1029 1631 1090 tota
1677 1024 1920 1109 syllaba
1961 1026 2167 1091 recisa
2210 1030 2312 1092 est
2326 1077 2342 1108 ,
2407 1045 2531 1109 quo

296 1127 481 1209 alpha
522 1127 713 1193 breve
757 1126 1165 1210 relinquitur3
1231 1128 1489 1211 longum
1554 1126 1825 1194 efficitur
1869 1130 2193 1212 synaeresi
2238 1127 2533 1213 δάμνααι

290 1231 554 1313 δάμναι,
623 1224 840 1318 δάμνᾳ
883 1233 951 1293 et
993 1230 1289 1313 deinceps
1332 1233 1491 1312 iota,
1547 1232 1698 1314 quia
1739 1230 2056 1299 ineffabile
2100 1236 2229 1314 est,
2299 1234 2531 1299 omisso

291 1328 535 1415 δάμνα,
583 1333 752 1415 quod
793 1332 861 1397 in
903 1330 1081 1397 Harl.
1126 1332 1490 1400 Ptolemaeo
1546 1335 1923 1417 assignatur.
2010 1336 2301 1402 Alterum
2342 1336 2531 1401 huius

285 1436 727 1503 heteroclisiae
771 1436 1128 1517 exemplum
1171 1436 1411 1502 indicat
1454 1436 1646 1502 schol.
1694 1437 1881 1520 Soph.
1914 1437 2068 1504 Oed.
2095 1439 2162 1505 C.
2190 1438 2312 1506 767
2345 1438 2529 1524 (763)

283 1536 353 1606 τί
394 1543 608 1605 ταῦτα
654 1540 894 1628 πειρᾷς
924 1575 994 1584 -
1037 1536 1424 1624 βαρυτόνως
1469 1534 1934 1626 ἀναγνωστέον,
1985 1540 2065 1608 οὐ
2114 1539 2529 1629 περισπωνέ·

283 1660 435 1722 νως·
484 1639 661 1708 οὕτω
683 1638 1002 1724 Δίδυμος.
1092 1640 1214 1707 Hic
1249 1640 1635 1708 Schmidtius
1680 1644 1761 1708 ad
1783 1643 2032 1726 Didym.
2056 1641 2178 1709 241
2230 1644 2531 1711 adverbia

280 1746 759 1829 transponenda
800 1748 986 1827 putat
1029 1743 1580 1831 περισπωμένως,
1629 1740 1709 1810 οὐ
1752 1740 2166 1833 βαρυτόνως,
2234 1748 2349 1813 sed
2409 1747 2531 1814 hoc

283 1850 449 1917 nihil
491 1849 576 1915 ad
616 1854 901 1915 nostram
943 1847 1398 1931 quaestionem,
1443 1866 1608 1930 quae
1654 1852 1753 1913 est
1797 1848 1877 1913 de
1919 1848 2115 1915 verbo
2157 1849 2529 1916 heteroclito

282 1955 627 2041 πειρῶμαι
675 1957 743 2018 et
785 1948 1148 2039 πείραμαι,
1194 1951 1354 2042 illud
1395 1951 1855 2033 pervulgatum,
1899 1951 2020 2018 hoc
2062 1969 2141 2018 ex
2183 1952 2353 2017 omni
2395 1968 2527 2017 me·

279 2057 489 2123 moria
554 2056 860 2121 evulsum.
989 2053 1344 2137 Utrumque
1410 2054 1744 2137 distinguit
1815 2055 1950 2120 cod.
2028 2055 2220 2121 Laur.
2291 2052 2529 2144 πείρᾶι

279 2158 570 2226 scribens
616 2156 978 2224 accentibus
1022 2157 1268 2224 duobus
1281 2208 1297 2238 ‚
1364 2176 1634 2240 quorum
1677 2157 1840 2224 alter
1884 2157 1968 2224 ad
2013 2155 2216 2246 πείρα
2262 2163 2527 2240 spectat,

278 2264 449 2329 alter
493 2264 575 2328 ad
623 2266 846 2350 πειρᾷ.
936 2258 1164 2326 Gravis
1193 2261 1432 2327 indicat
1455 2280 1794 2343 personam
1819 2262 2161 2328 secundam
2186 2259 2528 2347 πείρασαι,

277 2366 385 2432 oui
433 2366 490 2432 si
533 2368 675 2431 tres.
712 2363 1132 2430 detrahuntur
1174 2363 1399 2429 literae
1442 2364 1722 2444 ultimae,
1770 2364 1961 2446 alpha
2000 2364 2194 2431 breve
2223 2369 2527 2445 remanet,

188 2490 197 2503 ¹
279 2472 454 2555 quod
499 2470 648 2553 quia
690 2474 894 2535 metro
938 2472 1278 2550 repugnat,
1343 2467 1741 2550 barytonesis
1788 2473 2078 2534 auctores
2124 2463 2329 2557 πείρᾳ
2372 2468 2528 2534 scri-

278 2574 490 2658 psisse
535 2578 785 2655 oportet
827 2590 906 2637 ex
951 2568 1225 2657 πείρααι
1272 2575 1665 2637 contractum
1693 2576 1768 2636 ut
1790 2567 2022 2638 δι’·νααι
2051 2566 2235 2659 δύνᾳ.
2308 2574 2528 2661 Πειρᾷ

278 2677 391 2759 qui
434 2676 891 2759 praetulerunt,
937 2692 977 2738 a
1018 2671 1248 2740 ficticio
1294 2670 1652 2761 πειράεσαι
1699 2674 2022 2757 progressi
2066 2678 2216 2739 sunt
2258 2675 2340 2739 ad
2382 2699 2526 2739 πει-

278 2784 497 2869 ρᾶσαι
541 2775 942 2845 circumflexa
983 2776 1193 2857 media
1222 2794 1398 2841 more
1425 2778 1852 2843 recentiorum
1872 2782 1947 2846 ut
1968 2780 2225 2850 κτᾶσαι,
2255 2770 2526 2861 ἀκροᾶ-

277 2906 421 2958 σαι,
467 2901 525 2946 v,
571 2880 654 2945 ad
695 2879 924 2962 Phryn.
970 2878 1125 2958 360,
1191 2877 1337 2943 hinc
1381 2884 1597 2944 autem
1644 2882 1846 2964 πειρᾶ
1887 2883 2129 2945 *natum
2193 2879 2529 2945 voluerunt

278 2985 420 3050 sine
487 2983 619 3049 iota
681 3001 798 3064 per
839 2999 1185 3064 apocopen,
1254 2983 1566 3063 quomodo
1633 2983 1917 3049 nonnulli
1958 2982 2117 3049 illud
2161 2984 2376 3065 δαμνᾶ
2421 3000 2527 3047 ex-

276 3086 598 3170 pedivisse
626 3126 633 3130 -
663 3085 984 3171 videntur„
1049 3085 1334 3167 plerique
1398 3104 1550 3151 vero
1595 3089 1814 3177 δαμνᾷ
1828 3135 1843 3159 ,
1914 3089 2119 3177 πειρᾷ
2184 3090 2251 3153 et
2315 3090 2529 3152 cetera

176 3190 177 3197 ’
279 3209 400 3273 per
445 3189 672 3256 crasin.

456 3289 666 3372 Alpha
709 3308 852 3356 cum
910 3293 966 3361 ὲῖ
1019 3309 1368 3357 connexum
1411 3292 1650 3356 volunt·
1673 3291 1740 3356 in
1782 3291 2033 3357 nomine
2079 3290 2236 3357 deae
2281 3292 2525 3376 Δαῖρα,

282 3395 455 3479 quod
498 3394 597 3473 ad·
622 3394 948 3476 proprium
993 3392 1392 3476 affectionum
1455 3411 1656 3474 genus
1705 3383 1979 3458 refertur
2021 3395 2089 3459 in
2129 3395 2281 3460 Exc.
2325 3394 2525 3461 Paris.

282 3499 366 3564 ad
414 3496 673 3579 Gregor.
722 3494 871 3576 679,
926 3495 1153 3563 Anecd.
1210 3496 1467 3562 Bachm.
1525 3496 1594 3562 T.
1640 3495 1706 3561 Π
1749 3493 1877 3561 368
1934 3493 2255 3587 ἔκθλιψις
2298 3493 2520 3564 συναί-

282 3624 468 3688 ρεοις
511 3604 841 3676 καλεῖται,
888 3595 1045 3666 ὅταν
1091 3597 1238 3679 ἑνὸς
1282 3593 1662 3687 φωνήεντος
1705 3597 2144 3687 ἐκβληθέντος
2187 3598 2268 3665 τὰ
2314 3596 2526 3666 λοιπὰ

286 3699 705 3789 συνάπτηται
751 3696 842 3779 ὡς
887 3702 957 3769 ἐν
1002 3706 1092 3791 τῷ
1136 3706 1404 3791 Δαῖρα
1452 3697 1598 3769 ἀντὶ
1641 3705 1762 3769 τοῦ
1785 3706 1850 3767 Δ
1864 3699 1987 3769 ἀει
2005 3729 2098 3786 pa
2134 3698 2542 3784 ἐκθλίβεται.

283 3805 403 3889 μὲν
446 3804 521 3871 τὸ
556 3808 623 3889 ἶ,
668 3804 743 3870 τὸ
792 3804 866 3872 δὲ
910 3807 960 3875 δ’
1008 3804 1116 3871 καὶ
1160 3843 1178 3875 ι
1233 3810 1638 3890 συναιρεῖται
1685 3801 1779 3884 εἰς
1821 3804 1938 3893 τὴν
1982 3843 2057 3878 αι.
2130 3804 2526 3873 contrariam

282 3928 431 3975 vero
473 3910 643 3976 viam
687 3909 956 3990 ingressi
1002 3909 1110 3974 alii
1156 3904 1416 3993 Κάειρα
1462 3927 1498 3974 e
1548 3912 1789 3997 Καῖρα,
1858 3908 2028 3991 quod
2086 3926 2200 3975 suo
2243 3911 2524 3993 periculo

424 4166 479 4228 1)
532 4167 731 4220 Mirum
768 4173 872 4233 est,
910 4167 1170 4236 quomodo
1204 4167 1337 4220 haec
1373 4171 1637 4236 corruptio
1673 4170 1898 4223 Por-soni
1931 4176 1985 4223 et
2017 4170 2322 4222 Buttmanni
2357 4168 2522 4218 aciem

289 4252 545 4320 effugerit.
607 4251 685 4320 [cf
731 4253 797 4309 Δ.
829 4255 999 4308 Lenta
1033 4254 1226 4311 Philol.
1260 4255 1414 4310 XVII
1448 4270 1501 4325 p.
1537 4253 1645 4309 518
1697 4261 1752 4311 et
1802 4257 1941 4314 infra
1971 4257 2120 4311 Dius.
2173 4256 2238 4307 de
2270 4253 2528 4323 Apocop6

293 4353 408 4406 cap.
442 4337 556 4407 V1.]
