2946 4928
461 336 585 446 108
1221 336 1779 404 DISSERTATIO
1819 385 1825 390 -
1845 338 1954 405 VI.

448 495 761 584 Ὠρίων,
829 496 994 567 ὅθεν
1050 499 1162 568 καὶ
1206 498 1553 588 συνωρίς
1597 501 1706 568 καὶ
1750 500 1827 567 τὸ
1896 502 2300 590 τέτρωρον
2344 501 2454 569 καὶ
2501 495 2700 591 ἆρες

451 602 520 692 αξ
562 607 875 687 γυναῖκες.
953 598 1221 669 Τούτων
1268 604 1353 673 δὲ·
1385 602 1495 670 καὶ
1541 607 1670 669 τῶν
1712 599 2034 671 τοιούτων
2078 602 2570 692 προϋπόκειται
2620 605 2696 673 τὸ

455 704 497 775 ἅ
516 733 547 775 ε
561 704 593 774 ί
599 733 638 793 ρ
654 732 684 774 ε
699 732 722 773 ι
738 732 792 772 ν.
882 707 1155 773 Pindaro
1175 726 1378 789 nuper
1423 727 1457 773 e
1504 707 1822 774 codicibus
1862 708 2232 774 restitutum
2278 714 2380 775 est
2408 705 2699 795 Ὠαρίων

455 809 698 875 duabus
740 810 1060 875 vocalibus
1088 810 1350 896 primi-9,
1395 815 1469 876 ut
1504 809 2010 877 Schneidewinus
2056 812 2148 877 ait
2190 811 2274 876 ad
2293 811 2475 879 Nem.
2497 813 2564 878 II
2596 813 2692 896 12,

450 914 521 978 in
563 936 755 977 unam
797 912 1104 1000 syllabam
1148 897 1546 995 contracti-3,
1583 914 1702 978 hoc
1768 919 1869 980 est
1935 931 2052 995 per
2108 915 2422 997 Synizesin
2464 917 2696 983 mixtis,

453 1017 551 1083 De
596 1017 984 1083 derivatione
1028 1017 1198 1098 quod
1218 1017 1325 1081 ille
1350 1016 1518 1096 dicit,
1562 1035 1791 1097 parum
1810 1016 2171 1099 persuadet.
2259 1017 2424 1084 Nam
2447 1020 2699 1102 signum

453 1112 745 1200 coeleste,
767 1119 871 1199 ,de
916 1137 1040 1202 quo
1076 1120 1391 1185 Pindarus
1433 1120 1729 1200 loquitur,
1776 1120 2184 1186 simulacrum
2226 1122 2482 1203 quidem
2523 1124 2698 1189 ensis

451 1225 633 1309 gerit,
701 1227 961 1305 propter
1025 1223 1195 1305 quod
1262 1218 1549 1309 ξιφήρης
1616 1221 1696 1287 ab
1739 1221 2044 1304 Euripide
2100 1228 2389 1305 vocatur,
2456 1224 2698 1310 meffer

451 1331 584 1396 sive
628 1326 874 1413 enszjqer
917 1326 1000 1391 ab
1045 1325 1269 1391 Ovidio
1315 1329 1382 1389 et
1424 1325 1584 1406 aliiS,
1632 1325 1746 1390 sed
1787 1326 2048 1392 heroem
2091 1323 2465 1409 fabulosum,
2512 1329 2693 1395 cuius

448 1449 677 1499 nomen
721 1430 804 1495 ad
846 1428 1005 1493 illud
1046 1428 1427 1494 translatum
1472 1432 1589 1509 est,
1634 1433 1709 1494 ut
1753 1429 1836 1494 ad
1879 1429 2004 1494 alia
2048 1433 2224 1495 astra
2252 1428 2522 1493 Perseus
2554 1436 2693 1513 etc.,
2745 1432 2754 1436 ’

449 1538 789 1620 propterea
853 1531 1023 1614 quod
1089 1524 1216 1618 ἆορ
1261 1536 1546 1613 gestaret
1589 1531 1888 1597 Orionem
1953 1533 2342 1616 appellatum
2404 1552 2547 1599 esse
2587 1552 2691 1602 re-

450 1638 690 1705 fellitur
734 1654 827 1715 eo,
895 1635 1065 1716 quod
1126 1627 1285 1701 haec
1351 1639 1677 1701 armatura
1742 1636 2004 1702 cuilibet
2044 1636 2338 1703 bellatori
2381 1637 2689 1719 convenit,

448 1742 544 1809 illi
607 1744 822 1806 autem
885 1756 967 1803 ne
1000 1735 1004 1739 *
1032 1739 1203 1834 ensis
1269 1739 1526 1820 quidem
1591 1738 1961 1804 attribuitur
2027 1740 2141 1804 sed
2206 1740 2412 1820 clava,
2489 1740 2693 1822 Ho'm„

448 1845 626 1910 Arat.
672 1842 817 1909 657.
904 1841 1131 1922 Itaque
1196 1841 1304 1906 alii
1367 1841 1755 1922 probabilius
1822 1846 2126 1923 statuunt,
2192 1860 2345 1908 eum
2408 1842 2489 1908 ab
2532 1842 2694 1910 urbe

452 1948 702 2029 Hyria„
747 1946 813 2009 in
877 1961 1004 2025 qua
1060 1947 1249 2026 natus
1295 1961 1436 2009 esse
1480 1945 1875 2027 perhibetur,
1943 1945 2236 2012 sortitum
2280 1963 2422 2011 esse
2465 1963 2694 2012 nomen

448 2050 622 2117 varie
646 2048 979 2129 scriptum:
1003 2040 1286 2136 Οὗρίων,
1305 2040 1563 2132 Ὠρίων,
1583 2043 1896 2136 Ὠαρίων,
1914 2043 2468 2136 Ὄαρίων,οανιόη
2489 2049 2693 2116 νοοθὶίἰ

448 2153 654 2236 prima
696 2148 882 2216 modo
927 2148 1237 2229 producta
1276 2150 1464 2214 modo
1511 2156 1819 2240 correpta,
1863 2153 2198 2234 nunquam!
2216 2171 2367 2219 vero
2383 2149 2690 2237 Ἀορίων,

449 2274 574 2338 quo
636 2250 1059 2343 labefactatur
1121 2251 1234 2316 illa
1306 2240 1783 2335 hyperbibasmi
1856 2257 2146 2337 suspicio.
2277 2256 2500 2337 Neque
2571 2254 2692 2322 hoc

450 2357 678 2424 auxilio
722 2356 1147 2421 Buttmannus
1190 2371 1345 2421 usus
1410 2361 1513 2422 est
1553 2357 1620 2421 in
1674 2356 1940 2424 Dissert.
2000 2358 2080 2424 de
2125 2357 2597 2425 Catasterismis
2615 2357 2688 2441 ²),

406 2514 411 2527 ,
448 2463 563 2528 sed
603 2473 835 2527 novum
876 2457 1182 2542 quiddam
1225 2459 1734 2543 comminiscitur,
1772 2456 2053 2549 Ὀαρίων
2096 2482 2173 2529 ex
2200 2454 2410 2550 ’Ἀρης
2446 2455 2689 2549 Ἀρίων

447 2571 656 2634 ortum
700 2582 843 2631 esse
889 2564 1244 2645 anteposito
1289 2564 1636 2646 digamma,
1702 2564 1769 2630 id
1835 2566 2002 2647 quod
2045 2565 2201 2632 mihi
2242 2565 2449 2630 minus
2494 2565 2688 2631 etiam

447 2687 636 2753 quam
681 2668 792 2733 illa
834 2667 915 2733 ab
961 2659 1087 2752 ἆορ
1132 2667 1437 2734 derivatio
1480 2659 1877 2748 probandum
1918 2668 2170 2734 videtur
2203 2667 2287 2752 [v.
2300 2668 2437 2733 Vol.
2458 2667 2491 2732 I
2512 2665 2686 2753 408}

616 2773 692 2838 In
737 2769 990 2838 casibus
1042 2770 1365 2837 nominum
1428 2770 1605 2835 nulla
1656 2768 1731 2836 fit
1772 2771 2039 2837 mutatio
2081 2775 2336 2853 praeter
2379 2772 2686 2837 accusati-

445 2882 595 2942 'vum
634 2871 766 2960 βόα
795 2913 867 2923 -
907 2878 1030 2959 lm.
1119 2874 1195 2939 In
1240 2875 1413 2940 exitu
1454 2891 1680 2939 versus
1723 2873 1795 2939 Il.
1840 2872 1966 2940 VH
2008 2872 2137 2939 238
2201 2877 2503 2963 νωμῆσαι
2547 2878 2688 2958 βῶν

446 2979 754 3061 Didymus
797 2978 998 3043 tradit
1043 2977 1485 3043 Aristarchum
1553 2978 1644 3042 sic
1708 2981 1783 3043 ut
1823 2977 2149 3058 vulgatum
2194 2982 2295 3043 est
2338 2978 2686 3061 scripsisse,

444 3081 932 3163 Aristophanem
974 3098 1124 3146 vero
1166 3080 1590 3162 βοῦν-τινὲς
1634 3080 1708 3147 δὲ
1753 3078 1881 3157 ἔξω
1927 3082 2044 3144 τοῦ
2072 3081 2242 3162 7βῶ
2286 3080 2394 3147 καὶ
2421 3077 2687 3169 μήποτε

445 3178 909 3271 πιθανώτερον
974 3177 1112 3249 ἀντὶ
1158 3186 1278 3249 τοῦ
1319 3180 1414 3266 βό
1432 3208 1493 3249 α.
1543 3220 1614 3231 -
1665 3181 1831 3248 Hinc
1872 3199 1987 3247 nos
2033 3187 2301 3248 avocant
2343 3184 2689 3250 accusativi

441 3285 763 3353 nominum
806 3287 872 3352 in
914 3290 983 3357 ῖο·
1034 3291 1101 3352 et
1143 3290 1250 3364 ὦζε
1317 3282 1550 3375 Λητώ,
1617 3280 1717 3373 ἧώ
1770 3287 1915 3364 etc.,
1983 3304 2147 3367 quae
2191 3284 2558 3368 Apollonius
2604 3287 2686 3352 de

336 3476 343 3481 Β
442 3390 628 3455 Pron.
679 3389 801 3456 112
844 3390 986 3456 acui
1028 3389 1208 3456 iubet
1247 3389 1537 3472 quamvis
1581 3407 1659 3454 ex
1700 3389 1771 3460 ὂῖι
1817 3391 2157 3469 contracta,
2225 3389 2493 3454 dissidet
2531 3376 2684 3456 ve'ro
2787 3422 2796 3427 ·

441 3491 586 3557 EM.
631 3491 732 3557 30.
778 3491 821 3557 4
888 3489 1060 3560 aida*
1127 3495 1566 3578 περισπᾶται·
1628 3486 1704 3558 οὖ
1754 3491 1879 3578 γὰρ
1926 3489 2256 3558 πτωτικὸν
2298 3490 2374 3556 τὸ
2421 3493 2491 3563 ’ὅ
2536 3486 2679 3558 ἀλλ’

418 3590 587 3660 ἀπὸ
633 3589 945 3679 κράσεως.
1035 3594 1332 3661 Formam
1395 3594 1709 3676 integram
1776 3588 1969 3662 αἷδόα
2011 3598 2081 3659 et
2122 3593 2361 3659 similes
2405 3594 2683 3660 Homero

442 3702 739 3763 asserunt
801 3698 875 3779 ii,
950 3699 1061 3781 qui
1125 3699 1473 3781 spondeum
1538 3699 1607 3770 in
1671 3697 1916 3780 quinto
1960 3697 2124 3779 pede
2189 3715 2378 3780 aegre
2448 3695 2680 3778 ferunt,

439 3819 496 3866 V.
542 3798 859 3866 Muetzell.
907 3802 986 3867 de
1034 3801 1264 3885 Tbeog.
1313 3821 1374 3884 p.
1418 3798 1505 3865 40
1534 3798 1605 3882 ⁸).

577 3986 634 4051 2)
684 3989 843 4041 Ueber
875 3989 958 4043 die
991 3990 1311 4060 Entdehwnq
1343 3990 1438 4044 der
1473 3989 1792 4044 &embilder
1839 3992 1897 4042 in
1941 3989 2091 4042 Actis
2125 3988 2291 4046 Aead.
2344 3989 2520 4069 Βοιαὶ.
2554 3990 2684 4041 anni

445 4071 667 4220 18263ξο
677 4075 789 4213 1)5ο7
793 4161 895 4213 hoc
912 4177 1247 4214 numerorum
1276 4160 1570 4213 sufflamine
1594 4159 1834 4213 dixerunt
1867 4161 1958 4214 alii
1994 4165 2246 4228 quantum
2282 4161 2436 4223 satis,
2453 4114 2681 4224 'praeter

445 4262 554 4309 eos,
609 4262 741 4313 quos
776 4246 1137 4298 Mehlhornius
1197 4262 1247 4300 ci
1231 4247 1325 4300 tat
1375 4261 1593 4314 gramm.
1630 4261 1681 4313 p.
1722 4242 1837 4312 124,
1890 4263 1945 4300 v.
1980 4244 2254 4303 Thiorsch.
2296 4247 2328 4311 ὃ
2363 4241 2468 4298 195
2501 4259 2553 4296 ιι.
2590 4244 2679 4312 47,

447 4333 635 4388 Lehrs.
672 4332 831 4386 Arist.
868 4328 1264 4399 260,E1ms101.
1302 4333 1373 4385 ad
1403 4333 1545 4387 Med.
1583 4329 1737 4387 1131.
