2946 4928
419 326 551 397 292
1057 379 1062 388 .
1155 325 1729 397 mssm'rano,
1758 324 1933 396 vm.
2886 223 2900 506 4

416 488 523 555 bio
544 493 841 556 neutrum
861 494 963 555 est
972 490 1267 557 adiectivi
1277 490 1528 557 evanidi
1538 487 1688 575 βρίς
1699 488 1958 575 [Parall.
1975 490 2002 555 1
2020 486 2096 557 19
2110 506 2223 571 sq.,
2233 485 2415 554 Path.
2426 484 2671 571 1201].,
2734 480 2747 484 ’
2782 568 2793 571 ο

418 610 537 658 nec
581 592 938 659 dubitasset
958 593 1310 675 quisquam,
1355 593 1482 659 nisi
1524 595 1725 659 canon
1767 598 1942 659 esset
1983 610 2024 658 a
2064 589 2494 674 grammaticis
2521 606 2671 670 pro-

420 695 767 776 mulgatus:
835 694 915 760 τὰ
962 692 1056 774 εἷς
1096 701 1149 774 ῖς
1192 693 1374 763 ἁπλᾶ
1421 693 1540 761 οὐκ
1608 696 1742 778 ἔχει
1808 690 2156 782 οὐδετέρου
2222 714 2671 781 παρασχημα-
2892 601 2899 878 1

421 793 656 881 τισμόν
701 795 1006 864 Choerob.
1032 795 1183 863 Can.
1234 796 1375 863 185.
1418 797 1525 878 20,
1568 798 1714 863 EM.
1747 795 1891 863 769.
1934 797 2036 863 43.
2125 799 2217 862 Ac
2260 798 2317 862 si
2357 794 2512 883 βρίς
2554 794 2670 859 ali·

418 898 565 964 cubi
604 899 1012 981 invenissent,
1056 901 1403 968 masculine
1446 901 1550 966 vel
1591 900 1892 967 feminine
1934 901 2212 983 positum
2226 950 2242 979 ,
2304 898 2365 964 id
2415 914 2668 980 quoque

417 1000 573 1066 nihil
619 1004 897 1068 cunctati
941 1009 1157 1094 essent
1200 1009 1601 1070 attenuatum
1645 1004 1854 1069 dicere
1867 1054 1882 1084 ,
1928 1004 2093 1068 sicut
2136 1003 2237 1080 λίς
2279 1028 2362 1067 κα
2371 996 2415 1065 τ’
2491 996 2667 1065 ἀπο·
2898 997 2899 1022 ¹

418 1103 633 1189 κοπὴν
676 1108 800 1197 τοῦ.
842 1102 990 1193 λισή
1038 1107 1185 1190 (sic)
1218 1105 1435 1172 fictum
1459 1124 1603 1171 esse
1625 1104 1947 1170 affirmant
1968 1104 2271 1171 Ghoerob.
2301 1102 2441 1168 181.
2465 1101 2568 1167 25.
2591 1101 2670 1166 cf.

417 1205 649 1272 Parall.
673 1205 758 1272 86
804 1206 998 1290 [infra
1019 1226 1080 1289 p.
1103 1206 1228 1273 297
1254 1208 1378 1293 ein]
1444 1206 1578 1274 Nos
1608 1226 1758 1274 vero
1778 1207 1954 1273 nulla
1975 1208 2195 1289 religio
2216 1207 2469 1286 retinet,
2514 1222 2671 1286 quo-

417 1308 627 1374 minus
648 1309 1010 1376 Ptolemaeo
1033 1312 1475 1392 assentiamur,
1517 1309 1866 1377 Homerum
1896 1327 2117 1375 vocem
2161 1309 2240 1374 ab
2284 1309 2535 1374 aurium
2557 1325 2669 1388 ap-

379 1491 384 1496 ,
416 1411 788 1493 probatione
810 1413 1066 1478 minime
1089 1415 1360 1479 alienam
1404 1433 1444 1479 a
1477 1414 1820 1480 maioribus
1842 1411 2162 1495 accepisse
2185 1410 2377 1493 atque
2398 1410 2545 1475 hinc
2570 1415 2667 1475 et-

417 1514 547 1580 iam
565 1532 753 1580 casus
776 1515 1127 1581 declinasse
1149 1515 1436 1598 obliquos
1461 1518 1523 1582 λι
1531 1515 1610 1597 τί,
1637 1518 1805 1593 λῖτα,
1841 1515 1990 1582 licet
2008 1515 2330 1580 nominum
2352 1512 2668 1594 monosyl-

416 1617 705 1685 laborum
741 1618 807 1683 in
852 1620 900 1695 ἦ
943 1619 1307 1684 exeuntium
1328 1611 1575 1684 nullum
1602 1619 1959 1701 reperiatur
1999 1637 2116 1700 per
2167 1603 2202 1687 ξ’
2251 1616 2666 1694 declinatum3

418 1738 581 1801 quae
602 1739 708 1787 res
730 1721 1164 1788 Herodianum
1188 1721 1468 1801 adduxit,
1493 1726 1567 1786 ut
1587 1722 2070 1803 metaplasmum
2092 1719 2376 1802 fingeret.
2397 1756 2469 1767 -
2486 1718 2665 1783 Idem

419 1819 568 1909 κάρ
586 1851 626 1888 α
673 1824 807 1890 sive
852 1821 943 1888 κά
960 1848 1000 1909 ρ
1019 1849 1091 1909 η,
1138 1824 1290 1905 quja
1331 1825 1576 1889 nullum
1618 1824 1867 1906 generis
1910 1823 2199 1888 neutrius
2242 1839 2472 1888 nomen
2514 1822 2581 1886 in
2615 1817 2671 1890 ’ἆ

418 1931 485 1991 et
531 1924 585 2011 ἶ
625 1926 886 2006 desinit,
951 1943 1067 2006 pro
1112 1922 1397 2013 κάρανον
1440 1927 1574 1991 sive
1618 1923 1903 2013 κάρηνον
1947 1926 2185 1991 dictum
2229 1942 2372 1990 esse
2437 1924 2666 1989 sumsit

420 2029 500 2095 de
515 2028 728 2096 Dichr.
742 2027 823 2092 35
833 2029 887 2108 4,
909 2027 1077 2108 quod
1101 2028 1389 2109 sequitur
1398 2046 1551 2110 grex
1563 2028 2114 2110 grammaticorum
2128 2026 2433 2107 Choerob.
2452 2022 2590 2090 162.
2602 2025 2663 2105 4,

418 2129 563 2196 268.
590 2129 689 2211 31,
716 2130 992 2212 Theogn.
1018 2128 1117 2195 78.
1142 2129 1244 2210 30,
1269 2129 1477 2196 Gram.
1500 2130 1734 2196 Anecd.
1759 2129 1986 2196 1V337
2012 2148 2123 2211 sq.,
2146 2125 2538 2210 Epim1226
2552 2146 2663 2210 sq.,

421 2232 614 2298 schol.
657 2232 732 2296 Il.
778 2231 845 2297 Π
888 2231 1014 2297 443
1028 2232 1089 2315 *)
1143 2269 1214 2281 -
1265 2232 1510 2298 Eodem
1553 2224 1777 2298 vocum
1796 2232 2381 2316 incomparabilium
2407 2230 2666 2297 fastidio

419 2336 646 2401 ductus
690 2333 768 2399 τὸ
815 2332 1055 2423 τρόφι
1104 2331 1240 2402 κατ’
1293 2331 1653 2422 ἀποκοπὴν
1696 2337 1818 2401 τοῦ
1859 2333 2185 2421 τρόφιμον
2240 2331 2411 2423 φησί
2474 2332 2664 2400 schol.

418 2437 493 2504 ΙΙ.
537 2437 633 2504 XI
675 2436 820 2519 307,
865 2439 1036 2521 quod
1080 2454 1156 2504 ex
1201 2438 1510 2504 catholica
1550 2437 1771 2504 retulit
1813 2431 2123 2504 Arcadius
2175 2437 2313 2505 118.
2363 2435 2461 2503 18.
2539 2435 2664 2502 Alii

362 2616 372 2623 .
418 2559 544 2607 non
586 2541 875 2607 ultimam
919 2541 1225 2624 syllabam
1259 2541 1607 2606 abscissam
1651 2559 1794 2606 esse
1836 2542 2191 2623 opinantur3
2236 2541 2352 2606 sed
2393 2540 2664 2623 primam

419 2645 607 2731 παρὰ
650 2644 726 2710 τὸ
773 2638 1053 2731 εὕτροφι
1113 2639 1251 2709 κατ’
1324 2638 1685 2731 ἀφαίρεσιν
1727 2643 1872 2708 ΕΜ.
1920 2641 2063 2708 769.
2107 2641 2220 2724 40,
2288 2643 2530 2709 Scilicet
2590 2647 2664 2707 ut

418 2745 634 2813 στάδα
680 2743 877 2835 λίμην
919 2737 1035 2828 pro
1079 2741 1394 2822 εὕσταδα,
1440 2747 1612 2828 quod
1654 2746 2023 2827 Apollonius
2067 2765 2209 2811 cum
2252 2746 2395 2812 aliis
2458 2746 2660 2812 incre-

419 2848 715 2915 dibilibus
760 2850 844 2914 ad
883 2850 1274 2931 probandam
1318 2849 1696 2931 aphaeresin
1747 2847 1959 2930 affert,
2007 2847 2207 2934 τρόφι
2253 2848 2655 2932 praetermit-

417 2954 578 3030 tens,
622 2970 681 3015 v.
725 2950 955 3017 Parall.
985 2951 1127 3033 165,
1149 2952 1389 3019 Path.1
1418 2951 1556 3018 146.
1645 2952 1929 3019 Naturae
1974 2971 2230 3019 cursum
2251 2949 2660 3033 sequentibus

415 3051 803 3132 primitivum
847 3058 950 3118 est
992 3051 1231 3141 τρόφις
1273 3074 1315 3119 a
1356 3055 1584 3141 τρέφω
1619 3054 1973 3121 derivatum
1995 3058 2070 3118 ut
2113 3073 2152 3118 a
2195 3053 2396 3141 τρέχω
2418 3050 2658 3139 τρόχις,

414 3152 606 3234 idque
650 3153 809 3218 duas
854 3156 1245 3237 complexum
1289 3155 1778 3237 significationes
1791 3206 1808 3237 ,
1874 3157 2147 3222 activam
2190 3161 2258 3220 et
2319 3156 2656 3238 passivam,

416 3257 582 3322 sicut
623 3252 916 3320 alumnus
957 3264 1020 3323 et
1066 3257 1269 3322 altiles
1311 3278 1759 3341 nonnunquam
1801 3259 2066 3325 altorem
2123 3263 2190 3324 et
2230 3257 2509 3324 alibilem
2574 3258 2657 3323 si-

414 3356 741 3439 gnificant3
807 3358 954 3426 hinc
998 3363 1210 3425 autem
1274 3362 1556 3426 nascitur
1600 3358 1830 3449 τρόφι,
1898 3361 2182 3442 exemplo
2248 3378 2402 3426 sane
2467 3379 2656 3442 quam

413 3462 616 3542 unico,
661 3459 858 3542 quare
901 3460 1207 3526 reclamat
1241 3460 1714 3529 Choeroboscus
1755 3463 1987 3552 μηδεὶς
2032 3460 2286 3531 οἰέσθω
2330 3463 2406 3529 τὸ
2458 3460 2654 3553 τρόφι
2810 3494 2822 3500 -

417 3559 557 3630 ἀπὸ
626 3569 743 3630 τοῦ
809 3559 847 3630 ὃ
915 3560 1157 3651 τρόφις
1223 3557 1576 3651 ἀρσενικοῦ
1641 3557 1810 3633 εἶναι
1865 3584 1925 3647 p.
1976 3563 2115 3630 193.
2162 3563 2271 3645 32,
2338 3570 2655 3648 negatque

412 3666 663 3731 omnino
705 3665 960 3731 nomina
1000 3666 1066 3730 in
1111 3668 1164 3744 ῖς
1210 3666 1521 3749 simplicia
1563 3686 1763 3750 genus
1826 3672 2122 3735 neutrum
2185 3667 2440 3734 habere.
2530 3666 2654 3736 Sed

412 3787 609 3850 quum
627 3852 634 3863 ⁸
651 3786 730 3834 ea
768 3768 903 3834 fere
947 3769 1157 3835 omnia
1199 3770 1328 3835 sint
1367 3770 1694 3836 hominum
1735 3771 2044 3853 epitheta,
2098 3766 2388 3857 στρόφις,
2460 3767 2650 3859 ἴδρις,

549 4038 602 4106 *)
637 4040 804 4093 Adam
839 4031 942 4107 ,ζ’-Ω
976 4039 1236 4111 γλαύκων
1270 4040 1414 4115 κάρα
1451 4046 1678 4111 Sannyr.
1714 4047 1860 4099 Com.
1893 4047 1983 4100 Fr.
2020 4046 2079 4100 11
2114 4047 2219 4101 873
2253 4049 2413 4101 Dina.
2464 4049 2648 4115 plural.

411 4133 580 4195 putat.
613 4155 681 4171 ——
712 4122 939 4187 Ἑκατὸν
981 4125 1123 4202 κάρα
1176 4127 1503 4199 ἐξεπεφύκει
1553 4133 1625 4183 Η.
1659 4133 1730 4183 Η.
1766 4129 1903 4198 [Ger.
1941 4129 2026 4198 12]
2063 4149 2116 4184 v.
2153 4132 2309 4188 Voss.
2355 4150 2402 4189 c.
2437 4135 2646 4188 Ruhnk.

409 4215 660 4266 Fortasse
694 4204 866 4283 κέρασι
900 4221 961 4267 ut
983 4213 1139 4267 δέπα
1191 4214 1287 4282 ἠδὲ
1316 4218 1608 4287 Δτραπέζαις
1642 4218 1743 4270 Od.
1779 4214 1896 4269 XVI
1931 4213 2051 4274 466.
2087 4213 2333 4288 -‘’Yq.a
2388 4215 2501 4273 ἀπὸ
2550 4219 2651 4272 τοῦ

411 4293 649 4370 ὕφασμα
685 4294 821 4352 κατὰ
845 4295 1149 4366 -ἆποκοπήν
1188 4302 1377 4355 Choor.
1412 4297 1534 4355 366.
1570 4302 1672 4356 34“
1709 4300 1798 4369 [cf.
1835 4304 2040 4357 Pan-au.
2079 4302 2216 4370 1321.
2346 4342 2350 4351 .
2498 4322 2506 4334 ·
