2946 4928
875 1205 890 1217 ’
1000 1282 1852 1381 rssoossmlnm.

301 1600 865 1700 Proschematismi
910 1635 1193 1702 salebras
1240 1636 1659 1718 scopulosque
1705 1652 1996 1716 egressos
2022 1634 2253 1716 excipit
2287 1651 2544 1717 campus

296 1736 527 1816 planus
571 1738 796 1820 viaque
842 1744 1064 1821 aperta
1106 1741 1323 1806 multis
1355 1737 1871 1821 praecedentium
1892 1737 2175 1819 vestigiis
2219 1733 2545 1820 impressa.

297 1837 584 1904 Primum
629 1841 797 1906 enim
825 1842 953 1907 *illa
996 1844 1346 1925 scripturae
1392 1841 1800 1923 ambiguitaS,
1869 1859 2060 1923 quae*
2091 1841 2156 1905 in
2223 1841 2546 1922 superiore

298 1942 613 2008 curriculo
676 1946 938 2027 singulis
1004 1944 1138 2011 fere
1204 1945 1527 2028 gressibus
1579 1943 1994 2025 procedentes
2050 1948 2371 2008 remorata
2429 1948 2544 2024 est,

295 2043 405 2107 hic
446 2043 578 2111 fere
622 2058 943 2130 nunquam
988 2050 1341 2115 intercedit.
1431 2048 1593 2113 Tum
1637 2047 1830 2112 etiam
1874 2042 2336 2127 vocabulorum,
2383 2065 2546 2129 quae

293 2165 466 2212 nunc
508 2148 575 2214 in
619 2150 956 2215 discrimen
998 2153 1288 2233 veniunt,
1354 2169 1654 2217 numerus
1709 2150 1893 2230 longe
1940 2148 2300 2215 adstrictior
2346 2169 2547 2234 eaque

294 2254 549 2316 tantum
613 2272 738 2318 non
794 2254 1004 2319 omnia
1047 2256 1395 2338 antiquitus
1421 2271 1428 2276 ⁴
1450 2253 1690 2319 tradita
1734 2245 1898 2318 sunt.
1989 2251 2278 2342 Denique
2322 2253 2546 2319 horum

296 2373 452 2436 pars
495 2356 768 2421 maxima
832 2356 926 2421 ita
967 2361 1206 2422 temere
1272 2356 1396 2421 huc
1439 2356 1725 2421 coniecta
1765 2359 1894 2436 est,
1962 2361 2036 2419 ut
2076 2356 2293 2435 paucis
2336 2356 2546 2449 verbis

294 2454 505 2523 refelli
545 2459 804 2540 possint.
857 2470 860 2474 ·
893 2459 1147 2526 Etenim
1192 2478 1384 2542 quum
1430 2460 1496 2524 in
1539 2459 1696 2540 ipsis
1740 2456 1872 2524 fere
1917 2458 2365 2540 grammaticae
2389 2460 2546 2524 artis

291 2561 658 2644 primordiis
702 2562 910 2645 opinio
954 2564 1343 2644 invaluisset,
1388 2563 1696 2645 quidquid
1737 2561 1951 2628 vel-ab
1976 2554 2302 2643 analogiae
2324 2555 2546 2633 norma
2650 2598 2661 2602 ·
2792 2576 2796 2580 Α

291 2664 399 2729 vel
444 2683 483 2729 a
526 2666 839 2731 communi
882 2666 1179 2749 loquendi
1221 2667 1466 2732 ratione
1512 2666 1939 2731 abalienatum
1985 2669 2174 2758 esset²
2239 2684 2366 2729 non
2431 2684 2543 2729 na-

293 2766 501 2832 tivum
541 2787 745 2851 neque
812 2787 852 2833 a
892 2769 1135 2852 primisae
1165 2770 1418 2852 linguae
1472 2767 1797 2847 fictoribus
1839 2769 2364 2850 proseminatum,
2432 2768 2573 2834 sed‘

291 2870 553 2936 licentia
596 2871 1007 2938 scribentium
1051 2871 1470 2938 deformatum
1516 2891 1658 2938 esse
1672 2923 1688 2954 ‚
1753 2873 1910 2936 nihil
1965 2870 2169 2951 magis
2215 2875 2543 2959 consenta-

291 2991 490 3039 neum
533 2972 681 3055 fuit,
750 2993 940 3057 quam
1007 2980 1081 3040 ut
1125 2976 1399 3059 syllabas
1445 2995 1695 3059 quoque
1741 2975 2186 3041 vocabulorum
2230 2976 2544 3039 extremas

295 3095 502 3164 saepe
536 3075 843 3172 defecisse
888 3084 1228 3145 sumerent.
1294 3079 1502 3144 Huius
1546 3080 1740 3161 igitur
1784 3075 2199 3158 corruptionis
2241 3075 2544 3156 exempla,

298 3199 465 3261 quae
508 3185 757 3246 veteres
781 3179 793 3186 “
814 3183 1085 3264 sparsim
1129 3187 1610 3264 expromserunt
1625 3233 1640 3263 ‚
1707 3182 1941 3247 artium
1998 3180 2337 3259 scriptores
2401 3184 2548 3259 post

298 3288 556 3349 renatas
597 3279 1146 3367 renascendas'que
1188 3285 1407 3350 literas
1459 3285 1641 3350 brevi
1694 3283 2012 3366 ‘complexi
2079 3285 2233 3347 sunt
2294 3281 2442 3346 inde
2508 3300 2547 3346 a

298 3385 613 3452 Clenardo
665 3404 868 3469 usque
934 3386 1016 3453 ad
1059 3387 1429 3452 Fischerum
1475 3406 1763 3471 eosque,¹
1808 3386 1917 3468 qui
1970 3390 2117 3468 post
2172 3406 2316 3452 eum
2358 3406 2542 3469 prae-

293 3493 485 3571 cepta
526 3490 973 3572 grammaticae
1017 3508 1134 3572 per
1176 3491 1546 3571 compendia
1586 3489 2004 3555 tradiderunt.
2095 3487 2222 3555 Sed
2242 3491 2346 3557 vix
2371 3492 2543 3575 quis-
2607 3504 2611 3509 ’

295 3609 491 3674 quam
540 3591 684 3673 fuit,
751 3593 861 3675 qui
917 3593 1127 3658 omnia
1192 3612 1318 3659 uno
1373 3593 1616 3659 ambitu
1660 3592 2244 3674 comprehenderet,
2311 3595 2545 3661 nedum
2609 3668 2612 3672 Α

297 3696 409 3776 qui
452 3713 651 3777 genus
694 3696 1059 3762 universum
1100 3696 1167 3761 in
1210 3701 1418 3761 certas
1464 3697 1706 3778 species
1749 3696 2095 3779 partiretur
2127 3698 2543 3780 singulorum-

300 3817 424 3880 que
466 3804 787 3864 momenta
827 3798 1228 3880 ponderaret,
1273 3798 1508 3885 omissa
1537 3799 1879 3881 suppleret.
1937 3798 2120 3863 Hanc
2162 3799 2356 3882 igitur
2397 3800 2542 3884 pro-

294 3901 567 3981 vinciam
609 3902 906 3985 equidem
964 3900 1214 3982 suscepi
1245 3916 1343 3966 *eo
1385 3901 1788 3983 potissimum
1830 3901 2092 3969 consilio
2105 3952 2120 3983 ‚
2190 3908 2263 3971 ut
2307 3905 2542 3970 veteris

298 4004 671 4086 disciplinae
715 4005 1057 4087 imaginem
1098 4002 1455 4086 legentibus
1500 4009 2070 4084 repraesentarem.
2462 4091 2470 4094 Α

475 4108 518 4174 J
520 4127 620 4173 am
665 4108 721 4172 si
765 4106 965 4181 omnis
1009 4123 1172 4188 quae
1215 4107 1458 4172 ratione
1505 4107 1846 4189 suscipitur
1889 4108 1968 4173 de
2009 4127 2081 4180 re
2112 4109 2322 4191 aliqua
2364 4110 2546 4175 insti-

296 4213 464 4278 tutio
509 4231 549 4276 a
592 4209 954 4279 definitione
976 4207 1286 4291 proficisci
1307 4209 1515 4290 debet,
1559 4209 1731 4275 haud
1764 4211 2194 4292 importunum
2217 4212 2544 4276 exordium

296 4315 572 4402 praebet
624 4313 949 4380 Charisius
1010 4312 1246 4390 Institt,
1300 4311 1389 4378 IV
1432 4311 1493 4379 5.
1551 4313 1587 4378 7
1655 4312 1956 4403 Apocope
2022 4325 2112 4378 est
2123 4361 2142 4397 ,
2216 4337 2405 4400 quum
2469 4337 2548 4378 ex
