2946 4928
433 330 567 399 278
1197 324 1758 395 DISSEBTATIO
1790 325 1968 395 vm.

608 494 844 575 Trium,
889 512 1054 577 quae
1095 497 1345 561 restant
1385 492 1696 559 vocalium
1736 491 1914 558 nulla
1955 492 2024 557 in
2064 506 2382 573 apocopae
2404 488 2685 570 speciem
2790 517 2804 528 ·
2904 475 2905 488 ’

431 598 726 678 incurrit;
793 593 893 664 ἀπ
962 596 1269 684 πατέρων
1333 596 1660 663 Aeolicum
1722 600 1838 661 est.
1953 594 2317 660 Ptolemaeo
2381 591 2455 673 ἐξ
2517 586 2685 669 ἁλός

433 701 555 767 od·
599 701 694 766 XI
742 698 866 765 134
908 719 1024 782 pro
1070 698 1199 779 ἔξω
1244 695 1410 779 ἁλός
1452 699 1802 782 accipienti,
1844 693 1923 764 ἵν’
1969 689 2015 784 ᾖ
2061 695 2382 787 ἔκθλιψις
2446 699 2567 761 τοῦ
2607 695 2683 774 ἶ,

439 805 723 871 breviter
764 821 1142 885 responsum
1185 808 1312 869 est:
1360 797 1482 870 οὐκ
1526 793 1886 885 ἀναγκαῖόν
1930 799 2089 865 ἐστι.

1367 1092 1619 1174 Caput
1660 1090 1753 1158 IL

983 1217 1097 1292 De
1151 1238 1484 1319 apocope
1539 1215 2105 1288 consonantium.

606 1353 642 1438 ἓ
695 1352 746 1417 1.
833 1351 931 1416 De
975 1350 1179 1416 tribus
1214 1350 1503 1415 consonis
1527 1347 1839 1429 finalibuS,
1886 1368 2049 1432 quae
2092 1349 2318 1416 iisdem
2360 1346 2685 1413 vocabulis

432 1454 618 1522 modo
664 1455 926 1534 adsunt,
992 1452 1178 1518 modo
1226 1452 1482 1531 desunt,
1549 1469 1859 1534 persaepe
1929 1451 2280 1531 dubitatur,
2347 1450 2686 1514 nativaene

433 1559 578 1638 sint,
626 1576 707 1622 an
751 1557 1141 1622 extrinsecus
1186 1555 1553 1637 applicatae.
1651 1553 1845 1619 Cuius
1913 1556 2162 1636 generis
2226 1553 2428 1619 multa
2494 1569 2717 1634 supe--

428 1660 582 1726 riori
603 1660 877 1725 sermoni
897 1659 1141 1725 intexta
1161 1662 1336 1723 sunt:
1361 1660 1643 1723 τοσοῦτο
1667 1659 1991 1738 τοσοῦτον,
2016 1654 2182 1724 πάλι
2209 1654 2428 1735 πάλιν,
2465 1648 2684 1741 ἄφνω,

433 1758 607 1828 οὕτω
654 1766 802 1842 etc.;
851 1762 978 1827 alia
1022 1761 1104 1827 ad
1149 1755 1471 1842 apocopen
1503 1760 1821 1840 transtuli,
1867 1760 2099 1846 partim
2145 1778 2222 1824 ex
2267 1758 2528 1824 arbitrio
2573 1776 2683 1823 ve-

429 1869 639 1930 terum
655 1915 671 1945 ,
737 1865 974 1946 partim
1015 1882 1096 1929 ne
1139 1864 1310 1929 idem
1373 1863 1550 1929 locus
1616 1864 2043 1944 exemplorum
2109 1863 2317 1943 specie
2383 1861 2685 1926 similium

2746 1189 2774 1224 Ι

298 2017 304 2022 .
430 1966 835 2032 multitudine
910 1967 1098 2031 nimis
1162 1967 1568 2035 oneraretur.
1710 1964 1890 2041 Quod
1967 1963 2438 2031 Choeroboscus
2530 1964 2688 2029 dicit

430 2068 579 2143 Gan.
627 2065 771 2133 561.
822 2066 900 2133 19
947 2073 1015 2135 et
1057 2065 1201 2134 602.
1246 2067 1331 2133 20
1376 2065 1450 2132 τὸ
1500 2070 1552 2135 ’ἆ
1598 2060 2047 2153 ἇποβλητικόν
2107 2065 2244 2133 ἐστι
2289 2065 2410 2132 τοῦ
2455 2068 2524 2137 3:
2592 2058 2686 2153 ἦν

430 2165 787 2258 (ὑπῆρχον)
834 2168 953 2248 ἔα,
1019 2167 1358 2255 Ξέρξεα,
1427 2162 1659 2257 ᾔδεα,
1704 2188 1848 2235 mox
1893 2171 2249 2236 accuratius
2295 2169 2594 2248 declarat,
2634 2168 2685 2253 ’ἦ

431 2293 508 2341 ex
539 2274 872 2340 Ionico—
809 2309 872 2345 ea
919 2277 1330 2353 contractum,
1375 2272 1494 2337 hoc
1518 2277 1731 2337 autem
1776 2291 1852 2337 ex
1894 2274 1964 2355 ἵν
2006 2272 2383 2338 dissolutum
2428 2292 2570 2339 esse
2609 2278 2688 2338 ut

430 2372 848 2467 πεπότηνται
914 2374 1343 2461 πεποτήαται
1408 2373 1553 2438 ΕΜ.
1626 2411 1697 2421 --
1770 2375 2105 2443 vocatives
2176 2368 2229 2440 ὦ
2279 2370 2555 2456 ’Ἀτλα,
2628 2402 2683 2441 ω

427 2477 940 2563 Πουλυδάμα
968 2479 1395 2545 Buttmannus
1419 2496 1681 2559 gramm.
1709 2479 1850 2565 §45
1876 2480 2019 2544 adn.
2051 2479 2104 2559 1,
2129 2477 2355 2544 Matth.
2383 2477 2533 2564 §74
2560 2478 2681 2561 3b,

425 2582 662 2649 Mehlh.
708 2582 744 2667 ἓ
795 2578 911 2647 161
962 2582 1045 2647 ad
1088 2583 1345 2647 tertiam
1369 2579 1852 2646 declinationem
1894 2574 2196 2662 referunt,
2242 2582 2424 2664 quasi
2478 2584 2530 2651 ἶ
2570 2583 2683 2648 de-

435 2687 658 2750 tritum
728 2685 813 2750 sit
833 2684 897 2767 ¹).
963 2764 971 2771 .
1015 2683 1239 2767 Neque
1309 2683 1497 2749 aliter
1560 2683 1801 2748 iudicat
1863 2684 2223 2749 Priscianus
2268 2682 2364 2750 VI
2413 2684 2508 2750 10.
2553 2685 2682 2750 253

366 2808 371 2823 '
428 2786 584 2871 (702
627 2786 726 2870 P.)
772 2785 1085 2850 Homerus
1129 2781 1543 2868 Πουλυδάμα
1591 2784 1758 2848 dimit
1825 2782 1969 2851 ἀντὶ
2036 2790 2153 2851 τοῦ
2222 2786 2683 2871 Ποικλυὸἆμαν

426 2888 573 2971 (hoc
615 2889 904 2972 accentu)
975 2900 1032 2951 et
1095 2885 1446 2952 Menander
1513 2886 1790 2972 (Fragm.
1860 2880 2030 2954 Com.
2077 2888 2146 2954 T.
2192 2888 2281 2955 IV
2333 2888 2483 2970 100)
2553 2893 2687 2956 παῖ

433 2990 612 3077 Δρία
665 2991 812 3074 (scr.
857 2987 1092 3077 Δρῦα).
1180 2992 1357 3056 Haec
1378 2996 1593 3057 tamen
1635 2992 1777 3072 ipsa
1818 3011 1944 3058 non
1987 2994 2206 3059 eodem
2227 2994 2365 3058 loco
2387 2990 2686 3058 habenda

427 3092 740 3157 videntur.
828 3091 1082 3158 Etenim
1130 3092 1605 3160 Choeroboscus
1650 3095 1851 3160 tradit
1908 3098 2229 3161 nominum
2297 3094 2681 3176 simplicium

426 3214 553 3261 non
597 3195 886 3277 quintum
932 3195 1186 3262 demum
1231 3213 1447 3262 casum
1493 3215 1533 3261 a
1575 3198 1780 3277 poetis
1826 3198 1907 3263 ad
1931 3198 2412 3263 declinationem
2454 3198 2681 3280 isosyl-

427 3297 641 3364 labam
684 3297 959 3378 traduci,
985 3297 1147 3386 sed,
1194 3299 1249 3363 si
1291 3302 1568 3363 metrum
1610 3304 1860 3380 poscat,
1928 3301 2271 3366 secundum
2316 3318 2568 3387 quoque
2613 3304 2684 3367 et

426 3402 715 3467 tertium:
764 3405 907 3466 τοῦ
952 3398 1142 3480 Βία,
1212 3407 1364 3468 τοῦ
1420 3398 1621 3475 Θόα,
1683 3401 1817 3466 τὸν
1870 3398 2117 3482 Θόαν,
2187 3403 2324 3468 τὸν
2389 3398 2681 3487 Αἶάιθ)

381 3521 395 3540 ¹
427 3501 577 3567 Can.
622 3502 723 3569 95.
814 3501 942 3568 Sed
986 3500 1345 3568 Zenodotus
1390 3522 1585 3585 quum
1627 3504 1694 3569 in
1732 3498 1809 3568 11.
1852 3502 1885 3567 Ι
1928 3499 2012 3567 86
2055 3505 2228 3571 nullo
2272 3507 2458 3570 metri
2504 3523 2679 3572 emo-

424 3605 707 3672 lumento
752 3604 818 3669 in
860 3601 985 3669 fine
1027 3604 1381 3673 hexametri
1422 3624 1538 3687 pro
1584 3603 1857 3689 Κάλχαν
1911 3592 2296 3688 supponeret
2361 3608 2427 3672 K
2437 3603 2475 3671 ά
2497 3609 2679 3691 λχα,

343 3761 349 3769 ’
419 3793 504 3845 ωε
548 3793 906 3846 exhibete&
941 3794 1065 3848 Par.
1111 3793 1478 3846 hnmana.
1529 3792 1666 3846 nan.
1701 3792 1884 3848 1140
1925 3791 2014 3849 10-
2071 3792 2302 3865 [περῶν
2350 3814 2398 3848 υ.
2434 3795 2679 3850 adama.

421 3885 470 3931 et

501 3865 980 4022 αἵαὶἔηᾶθῖτλα
1016 3964 1159 4031 apud
1192 3965 1426 4017 Graecos
1461 3966 1745 4033 scriptores
1780 3966 1977 4031 legisse
2011 3967 2141 4019 mihi
2121 3983 2280 4019 inon
2314 3967 2514 4022 videor.

557 4049 614 4114 2)
647 4051 772 4103 EM.
807 4046 928 4100 271.
963 4048 998 4100 5
1032 4048 1173 4106 Δίας
1205 4048 1300 4099 καὶ
1323 4050 1488 4107 Θείας
1523 4045 1611 4101 δι
1561 4069 1617 4100 ια
1653 4051 1751 4102 τοῦ
1788 4068 1851 4103 vr
1903 4053 2217 4116 κλίνονται,
2270 4047 2330 4104 τὸ
2389 4052 2449 4105 δὲ
2509 4051 2675 4112 Θεΐας

425 4135 521 4186 καὶ
556 4134 630 4185 Δι
633 4139 721 4195 tas·
756 4137 916 4187 ἰσοσυ
918 4128 1142 4201 λλᾶβως
1214 4135 1489 4201 Bisyllaba
1513 4135 1607 4187 illa
1625 4136 1901 4202 dupliciter
1920 4138 2181 4189 declinata
2215 4153 2333 4190 esse
2364 4138 2469 4190 faci
2471 4138 2522 4190 le
2556 4156 2676 4192 cre-

301 4248 312 4259 =
428 4219 624 4285 ὅπως,
653 4221 1053 4289 trisyllaborum
1070 4218 1200 4272 fides
1216 4220 1380 4272 nulla.
1449 4220 1585 4273 Cum
1611 4222 1835 4289 vulgato
1851 4217 2081 4290 ’Κάλχαν
2097 4220 2423 4275 Aristonicus
2440 4222 2547 4275 xm
2563 4221 2673 4279 m

422 4306 598 4358 miuus
633 4313 756 4373 apto
787 4307 1002 4361 canfen
1021 4294 1071 4359 ὖ
1112 4300 1283 4369 Θόαν,
1317 4321 1469 4364 ουτος
1496 4301 1657 4376 ἀνήρ.
