2946 4928
415 340 532 407 DE
579 338 1067 423 SYNAERESI,
1112 339 1519 407 DIAERESI
1561 343 1680 407 etc.
1746 340 1816 407 P.
1838 283 1921 409 H.
1968 340 2035 408 O.
2060 339 2143 436 H.
2192 341 2246 427 §-
2278 339 2330 408 1.
2421 338 2503 408 73
2595 357 2612 396 ῑ

252 505 567 588 probatur
628 505 748 571 hoc
809 505 918 571 illo
984 523 1173 572 versu
1239 501 1311 573 ἐκ
1386 506 1637 572 πολέων
1716 502 2007 595 πίσυρας
2083 501 2501 594 συναείρεται

249 605 538 687 ἵππους.
626 605 748 675 Hic
791 609 959 675 enim
1000 628 1127 676 non
1157 604 1481 698 συνείρειν
1502 609 1570 674 id
1594 613 1694 675 est
1716 605 2072 700 συνάπτειν
2094 605 2502 692 significatur,

253 713 375 778 sed
419 707 721 799 συνάγειν
765 712 899 778 sive
945 710 1382 801 συναγείρειν,
1429 713 1621 796 idque
1663 713 1873 796 ipsum
1913 711 2153 780 indicat
2190 713 2506 795 Scriptura

203 845 209 851 ·
251 815 521 910 antiqua
587 813 1055 905 συναγείρεται.
1175 816 1251 881 In
1318 816 1519 882 altero
1585 815 1720 881 loco
1784 816 1847 882 X
1898 814 2045 897 499,
2110 817 2220 882 ubi
2282 816 2504 883 Ulixes

250 938 452 1002 equos
494 917 690 986 Rhesi
735 925 952 1003 captos
995 920 1262 987 habenis
1311 920 1480 987 inter
1525 937 1593 985 se
1640 919 1929 1000 devincit,
1998 919 2114 986 σὺν
2183 915 2239 986 δ’
2287 912 2503 1006 ἤειρεν

249 1018 464 1106 ἱμᾶσι,
494 1024 817 1089 commode
862 1024 1128 1107 intelligi
1169 1028 1383 1107 potest
1426 1021 1692 1112 συνῄρει
1728 1020 2211 1109 comprehendit.
2301 1023 2501 1090 Pleri-

250 1144 382 1209 que
430 1121 680 1215 ἀείρειν
744 1126 1086 1192 thematico
1154 1120 1296 1213 d'pw
1355 1126 1697 1193 subiiciunt
1740 1126 1897 1191 duas
1943 1126 2265 1208 complexo
2309 1127 2501 1210 signi-

246 1228 599 1310 ficationeS,
667 1249 862 1296 unam
905 1230 1244 1297 extollendi
1258 1280 1273 1310 ,
1338 1248 1503 1312 quae
1549 1247 1626 1295 ex
1669 1228 1971 1295 derivatis
2018 1224 2190 1317 αῗρω
2206 1279 2225 1310 ,
2295 1224 2500 1316 ἀείρω

246 1333 671 1415 cognoscitur,
718 1334 985 1400 alteram
1031 1333 1312 1415 aptandi,
1357 1332 1673 1413 iungendi,
1720 1332 1887 1397 unde
1930 1336 2219 1415 tempora
2248 1333 2504 1416 obliqua
2593 1339 2596 1346 ’

244 1428 522 1524 ἤραρον,
573 1426 744 1523 ἦρσα
760 1437 812 1522 ³)
878 1442 946 1502 'et
1007 1453 1327 1519 paragoga
1372 1431 1706 1524 ἀραρίσκω
1774 1439 1890 1498 etc.
1938 1431 2041 1517 [cf.
2086 1434 2120 1499 I
2162 1433 2265 1515 42,
2331 1434 2499 1501 infra

243 1555 386 1619 cap.
445 1536 545 1603 111
588 1540 624 1624 ξ
678 1539 760 1625 1].
869 1539 957 1605 Et
1022 1540 1147 1605 huc
1211 1539 1528 1623 nonnulli,
1557 1538 1854 1619 redigunt
1918 1555 2163 1618 nomen,
2232 1538 2311 1603 de
2376 1557 2502 1620 quo

242 1639 353 1707 hic
421 1642 659 1723 agitur:
734 1634 938 1731 Ὦρος
983 1642 1158 1729 λέγει
1210 1639 1314 1708 ὅτι
1383 1640 1570 1727 παρὰ
1635 1640 1709 1706 τὸ
1758 1635 1928 1724 ὁμοῦ
1974 1633 2283 1728 ἀρηρέναι
2329 1637 2500 1726 γίνε-

243 1768 361 1809 ται
412 1742 489 1809 τὸ
538 1738 666 1830 Boeo
734 1744 881 1828 (scr.
930 1737 1086 1829 ἄορ)
1128 1737 1238 1812 ’καὶ
1285 1745 1453 1811 κατὰ
1495 1739 1867 1831 ὑπέρθεσιν
1932 1734 2060 1830 ι’ίορ
2128 1742 2275 1823 (scr.
2343 1734 2501 1830 ἔαρ)

242 1843 360 1912 καὶ
408 1844 579 1911 κατὰ
628 1847 1034 1935 συναλοιφὴν
1080 1839 1176 1935 ὦρ
1218 1847 1362 1912 ΕΜ.
1407 1845 1554 1913 823.
1599 1844 1701 1912 40.
1793 1844 2078 1911 ‘Causam
2120 1844 2494 1910 metathesis

242 1947 521 2015 reddere
589 1954 852 2016 conatur
910 1950 1101 2015 schol.
1167 1949 1338 2032 Lips.
1405 1950 1445 2015 1.
1503 1968 1553 2016 c.
1626 1948 1801 2017 ἔστιν
1871 1942 2083 2033 ὄνομα
2152 1941 2353 2037 ἷίορες
2420 1985 2491 1997 -

245 2050 364 2118 διὰ
416 2051 565 2138 ’τὴν
647 2047 1032 2136 σι’μπτωσιν
1123 2052 1297 2140 πρὸς
1371 2052 1446 2119 τὸ
1529 2043 1656 2141 ἀορ
1719 2051 1796 2118 τὸ
1865 2049 2058 2140 ξίφος
2130 2050 2500 2136 μετατεθὲν

244 2153 515 2240 γέγονεν
581 2149 808 2242 ὄαρες,
876 2155 946 2233 ἐξ
1000 2144 1079 2221 οὗ
1148 2150 1464 2243 ὀαριστύς
1529 2151 1568 2243 ἦ
1637 2143 1894 2237 ὁμιλία,
1966 2154 2363 2241 συναιρεθὲν
2424 2155 2499 2224 δὲ

246 2248 372 2342 ὦρ.
463 2254 814 2340 Symptosis
859 2259 1216 2340 exemplum
1257 2259 1360 2325 hic
1402 2258 1675 2325 fortasse
1719 2259 2022 2324 assumsit
2066 2276 2141 2324 ex
2172 2257 2288 2324 Od.
2311 2258 2499 2325 XVII

236 2356 384 2427 =222
427 2355 693 2441 αἰτίζων
739 2356 1054 2442 ἀκόλους,
1125 2357 1245 2427 οὐκ
1311 2355 1524 2449 ὄῖορας
1569 2356 1727 2428 οἶδὲ
1774 2360 2077 2448 λέβητας.
2211 2361 2288 2427 Id
2331 2363 2497 2428 enim

243 2464 534 2530 nonnulli
579 2459 738 2582 ξίφῃ
780 2464 1299 2548 interpretantur,
1365 2463 1522 2531 nihil
1566 2462 1789 2531 offensi
1854 2469 2085 2546 genere
2128 2467 2497 2549 masculino,

244 2567 420 2650 quod
440 2567 795 2651 Hesychms
829 2569 975 2634 hinc
1019 2569 1325 2634 enotavit:
1355 2561 1611 2657 ’Ἇορας
1636 2563 1799 2656 ξίφη
1824 2563 2200 2656 ἀρσενικῶς,
2248 2569 2357 2635 alii
2378 2570 2499 2648 τὰς

244 2664 390 2736 ἀπὸ
436 2673 567 2736 τῶν
614 2666 883 2755 ἀγώνων
928 2670 1427 2756 λαμβανομένας
1461 2662 1645 2736 ἆθλα
1670 2677 1994 2756 γυναῖκας.
2081 2670 2141 2736 A
2183 2672 2499 2739 sententia
2563 2672 2567 2676 ’

244 2777 549 2839 neutrum
592 2773 893 2840 abhorret
914 2773 989 2857 ⁴),
1057 2775 1172 2845 sed
1216 2773 1617 2855 amphibolia,
1687 2775 1866 2840 cuius
1912 2773 2245 2841 evitandae
2289 2774 2497 2857 gratia

242 2876 359 2941 ille
399 2876 653 2942 vocales
698 2877 1120 2959 transpositas
1166 2893 1308 2941 esse
1351 2880 1659 2955 autumat,
1704 2876 1769 2940 in
1814 2875 2044 2941 ceteris
2085 2876 2241 2942 locis
2263 2877 2494 2965 ,eleva-³

240 2982 354 3044 tur
394 2978 609 3044 verbis
655 2978 1091 3059 circumiectis
1158 2995 1364 3060 neque
1430 2976 1581 3043 alibi
1624 2978 1727 3044 vel
1773 2979 2021 3061 gladius
2067 2971 2195 3068 ι’)ἀρ
2242 2980 2489 3062 dicitur,
2514 2987 2560 2999 “

134 3153 142 3161 ,
240 3082 349 3148 vel
389 3081 620 3148 mulier
665 3075 824 3170 3600,
893 3083 1018 3148 nisi
1087 3081 1251 3147 forte
1293 3081 1545 3164 ignotus
1591 3087 1811 3149 auctor
1824 3132 1840 3163 ,
1907 3101 2095 3165 quem
2138 3082 2494 3166 Hesychius
2549 3137 2556 3151 ,

242 3184 560 3266 sequitur,
629 3177 831 3272 ἶίορες
884 3190 1193 3272 γυναῖκες
1257 3184 1588 3265 usurpavit
1661 3204 1775 3267 pro
1833 3177 2030 3273 ἄορες
2092 3204 2207 3266 per
2249 3193 2493 3269 tropen.

193 3293 199 3297 “
249 3286 347 3352 Τὸ
371 3279 500 3375 ἆορ
546 3287 602 3352 si
646 3307 864 3354 ensem
906 3288 1118 3354 balteo
1163 3305 1538 3370 suspensum
1584 3288 1838 3368 indicat,
1885 3294 2100 3378 servat
2124 3290 2493 3356 memoriam

240 3389 424 3456 verbi
470 3384 819 3477 ἅρηρέναι,
892 3391 1004 3456 sed
1048 3390 1130 3470 si,
1197 3395 1272 3455 ut
1316 3389 1570 3472 saepius
1614 3388 1715 3470 fit,
1784 3391 1863 3455 de
1908 3391 2127 3457 stricto
2173 3398 2239 3457 et
2281 3397 2493 3458 erecto

244 3491 495 3572 dicitur,
566 3492 650 3557 ad
714 3493 982 3558 alteram
1048 3493 1367 3575 prototypi
1433 3491 1988 3575 significationem,
2012 3513 2198 3576 quae
2241 3500 2342 3562 est
2385 3514 2490 3562 ex-

242 3594 526 3675 tollendi,
572 3594 871 3676 erigendi,
917 3596 1289 3675 revolvitur;
1340 3595 1651 3678 'idemque
1694 3615 1922 3662 nomen
1967 3598 2194 3673 dehinc
2238 3600 2321 3666 ad
2364 3599 2491 3665 alia

384 3886 442 3949 3)
493 3889 775 3942 Homerico
831 3886 1046 3961 ἒπῆρσα
1097 3888 1359 3942 accedunt
1385 3885 1612 3961 Ἐνῆρσε
1648 3885 1933 3963 ἐφήρμοσε
1972 3891 2143 3957 Βηίἀ,
2173 3887 2494 3965 ’Κάταρσον

244 3969 604 4076 κατάκλεισον
655 3976 804 4044 Hesy
827 3977 907 4028 oh.
938 4041 946 4046 “
975 3984 1028 4029 et
1080 3976 1469 4029 substantivum
1507 3972 1784 4046 πυλάρτης
1888 3979 2027 4031 Hinc
2071 3978 2243 4033 differt
2274 3981 2497 4034 tollendi

245 4063 464 4116 verbum
499 4080 625 4134 ηρα.

379 4165 434 4231 4)
497 4166 680 4219 'l'ertia
712 4170 800 4219 est
831 4167 1192 4234 interpretatio
1229 4182 1294 4219 ex
1311 4165 1564 4219 adiuncto
1590 4165 1752 4220 ducta
1787 4167 2057 4239 τρίποδες,
2097 4171 2224 4238 quia
2257 4169 2490 4237 tripode·

249 4244 494 4326 (ἄπυροι)
537 4260 591 4308 et
639 4255 890 4308 mulieres
945 4254 1198 4306 donorum
1242 4252 1648 4306 Homericomm
1683 4256 2069 4320 pretiosissima
2102 4261 2281 4309 erant2
2340 4254 2489 4321 μέγα

250 4343 413 4392 κεῖται
453 4331 665 4392 ἄεθλον
699 4331 732 4402 ἢ
768 4341 991 4408 τρίπους
1027 4337 1085 4404 ἠὲ
1121 4333 1262 4409 γυνή
1296 4339 1550 4393 ῙῙμΧΧΙῘ
1587 4335 1705 4396 164.
