2946 4928
359 288 488 359 218
663 347 670 357 .
961 281 967 292 '
1051 249 1056 252 ⁷
1117 288 1867 410 mssrmanosm

362 489 518 539 casu
559 475 628 541 et
668 491 884 540 errore
926 472 1345 553 librariorum,
1391 492 1507 539 seu
1551 473 1701 557 quia
1744 473 1905 540 alius
1950 473 2142 564 aliam
2162 472 2471 540 rationem
2503 491 2604 543 se-

360 577 596 658 quutus
639 581 757 656 est,
800 577 1088 661 plerique
1128 578 1384 644 nullam.
1475 576 1685 654 Quare
1745 576 2176 659 recipiendum
2239 581 2373 658 est,
2439 578 2610 660 quod

361 697 611 762 quoque
652 680 719 744 in
742 680 877 746 loeo
897 682 1119 763 optimi
1140 682 1373 764 quique
1396 680 1712 761 exhibent,
1753 699 1882 747 non
1901 684 1976 747 ut
1994 681 2195 746 altero
2215 680 2446 761 verius
2492 679 2608 747 sed

361 782 513 865 quia
554 784 786 848 certior
805 784 1097 866 probatio
1138 803 1264 849 non
1306 784 1640 851 invenitur.
1728 784 1916 865 Apud
1937 783 2184 850 Atticos
2205 787 2428 864 poetas
2450 782 2605 849 Din-

362 882 599 951 dorfius
644 885 727 952 ad
770 886 924 954 Avv.
971 887 1053 953 63
1100 888 1226 972 (ed.
1271 888 1441 970 Lips.
1489 887 1639 953 anni
1692 884 1879 970 1822)
1925 886 2046 953 sibi
2089 886 2333 952 nullum
2397 886 2606 954 locum

360 988 594 1055 lectum
639 1008 783 1056 esse
826 991 1009 1071 dicit,
1074 990 1142 1056 in
1183 1009 1308 1074 quo
1353 1010 1485 1057 nou
1520 1008 1636 1072 pro
1682 985 1858 1056 οὕτω
1903 989 2205 1055 substitui
2243 990 2452 1072 possit
2496 985 2609 1057 055-

361 1116 513 1173 τως,
558 1111 677 1159 nec
718 1097 934 1159 tamen
976 1093 1247 1159 mutavit
1289 1111 1577 1175 usquam.
1633 1092 1890 1175 =1taque
1923 1098 2263 1177 utrumque
2290 1092 2609 1175 reperitur

361 1213 556 1279 quum
598 1197 665 1261 in
709 1197 851 1263 aliis
894 1214 1190 1263 versuum
1235 1197 1408 1276 101113,
1452 1199 1591 1260 tum
1622 1195 1831 1262 etiam
1871 1196 1938 1261 in
1982 1215 2061 1262 ea
2102 1196 2337 1263 senarii
2356 1195 2627 1263 iambici·

359 1289 647 1380 regione,
712 1300 780 1365 in
822 1318 951 1383 qua
981 1317 1159 1367 -uune
1200 1305 1506 1379 τοσοῦτο,
1570 1318 1739 1368 nune
1781 1305 2105 1368 τυσοῦτον
2162 1298 2352 1366 scribi
2415 1315 2611 1380 supra

364 1404 690 1468 ostensum
734 1407 860 1472 est:
928 1401 1056 1481 ἕως
1121 1396 1202 1469 ἢν
1269 1399 1477 1480 οὕτως
1545 1400 1666 1481 τὰς
1714 1439 1785 1451 -·
1838 1401 2088 1472 Thesm.
2133 1401 2292 1481 583,
2358 1401 2610 1487 γένοιτὸ

363 1499 423 1571 δ’
470 1500 702 1584 οὕτως·
748 1500 959 1572 τᾶλλα
1005 1499 1281 1589 Ohoeph.
1326 1504 1454 1572 546
1500 1506 1818 1575 codicibus
1862 1504 2429 1585 consentientibus3
2495 1505 2614 1573 sed

223 1613 234 1625 '
364 1608 568 1675 multo
587 1605 982 1693 frequentius
1006 1609 1305 1675 alterum:
1350 1605 1594 1697 ταύτην
1637 1609 1758 1693 μὲν
1800 1604 1976 1676 οὕτω
1998 1606 2182 1675 Eum.
2226 1606 2354 1674 445
2400 1605 2608 1692 (453),

362 1715 429 1778 et
472 1712 564 1779 sic
606 1712 776 1795 apud
800 1712 1170 1796 Sophoclem
1194 1711 1354 1780 Phil.
1403 1712 1546 1793 751,
1595 1711 1815 1778 Traeh.
1845 1710 2009 1778 1163
2033 1711 2159 1793 Br.‚
2205 1709 2360 1778 Oed.
2388 1711 2457 1778 T.
2480 1709 2610 1778 970

362 1819 431 1880 et
456 1812 620 1881 1427
643 1815 987 1898 multisque
1002 1815 1327 1898 Euripidis
1348 1816 1505 1882 loeis
1526 1815 1681 1882 Hee.
1703 1813 1850 1897 296,
1877 1814 2000 1880 785
2026 1813 2231 1900 (768),
2253 1813 2376 1880 881
2406 1813 2611 1899 (888),

362 1917 495 1984 Alc.
540 1916 672 1983 843
715 1917 918 2001 (850),
966 1917 1181 2001 Suppl.
1227 1917 1373 2000 918,
1417 1917 1556 2000 Iph.
1601 1917 1677 1982 A.
1721 1915 1865 2000 797,
1909 1917 2045 2001 Iph.
2070 1918 2138 1983 Τ.
2169 1917 2333 1984 1203
2358 1915 2610 2002 (1162),

360 2019 493 2087 Ion.
515 2017 662 2085 604.
706 2020 886 2087 Idem
909 2021 1301 2103 scripserunt
1323 2021 1514 2116 Turh.
1539 2025 1606 2086 et
1626 2020 1845 2102 Steph.
1874 2020 1940 2086 in
1962 2019 2190 2086 Aesoh.
2217 2019 2432 2102 Suppl.
2464 2018 2612 2102 323,

360 2124 474 2190 sed
517 2122 703 2190 Dind.
750 2122 1051 2189 etHerm.
1099 2120 1338 2206 οὕτως,
1383 2142 1499 2206 pro
1543 2142 1667 2206 quo
1688 2124 1793 2189 hio
1835 2124 1903 2190 in
1945 2123 2062 2205 Ag.
2108 2123 2236 2189 917
2306 2120 2487 2191 οὕτω
2529 2141 2612 2196 ex

358 2226 524 2293 Flor.
558 2231 628 2294 et
644 2226 831 2292 Fam.
876 2227 1135 2309 recepit,
1153 2264 1160 2268 -
1180 2227 1296 2293 sed
1340 2222 1549 2305 οὕτως
1575 2224 1742 2309 cycl.
1764 2225 1893 2293 562
1936 2225 2121 2311 (558)
2166 2246 2246 2293 ex
2288 2226 2597 2310 pluribus,

364 2328 698 2412 singulare
742 2330 1134 2400 constantiae
1178 2331 1536 2413 exemplum
1601 2330 1871 2413 praebet
1910 2330 2274 2399 Herodotus
2290 2381 2308 2412 ‚
2372 2331 2462 2412 si,
2526 2336 2605 2398 ut

358 2433 714 2505 Bredovlus
752 2433 982 2502 statuit
1022 2433 1104 2526 de
1146 2432 1310 2502 Dial.
1361 2433 1480 2505 111
1529 2451 1660 2520 seq.
1673 2485 1689 2516 ,
1733 2452 2055 2518 nunquam
2097 2434 2284 2505 aliter
2348 2434 2638 2519 scripsit-

359 2556 550 2622 qum
594 2534 771 2607 οὕτω
816 2543 885 2607 et
923 2533 1129 2626 μέχρι.

1292 2794 1490 2867 CAP.
1552 2792 1689 2904 IV.⁴

979 2973 1096 3049 De
1171 2970 1427 3079 kappa
1503 2966 1975 3079 prosthetico.
2045 2952 2064 2961 ⁹

521 3161 763 3246 Kappa
803 3161 870 3228 in
913 3176 1176 3231 numero
1219 3160 1552 3227 literarum
1572 3155 2105 3240 prosthetioarum
2146 3153 2420 3221 habetur
2460 3110 2613 3236 111·οᾷ-

359 3269 508 3348 pter
545 3283 739 3332 unam
781 3260 1160 3348 particulam
1201 3262 1582 3346 negativam,
1639 3260 1818 3327 cuius
1863 3258 2088 3324 similis
2130 3258 2198 3324 in
2238 3257 2471 3340 linguis
2516 3255 2614 3325 af-

246 3428 250 3432 ,
364 3367 595 3438 finibus
638 3370 818 3436 nulla
857 3368 1193 3448 invenitur,
1238 3367 1352 3433 sed
1395 3369 1627 3431 natura
1668 3381 1828 3446 pure
1872 3361 2200 3431 terminari
2218 3360 2618 3445 grammatici

361 3478 611 3540 eertum
670 3469 935 3538 habent:
1002 3480 1082 3537 e'v
1057 3467 1332 3543 ’δέποῑε
1407 3467 1534 3554 γὰρ
1598 3467 1766 3545 λέξις
1832 3460 2177 3553 Ἐλληνιιὴ
2253 3463 2431 3533 ἔστιν
2492 3460 2614 3546 εἰς

360 3569 636 3663 ἄφωνον
670 3570 963 3660 λήγουσα
985 3572 1130 3640 ΕΜ.
1162 3571 1307 3639 638.
1359 3572 1431 3637 11
1460 3575 1529 3637 et
1547 3569 1760 3652 paullo
1781 3573 1928 3652 post
1968 3589 2027 3636 v.
2051 3567 2133 3634 35
2179 3568 2256 3634 τὸ
2310 3568 2353 3638 Ξῖ
2407 3568 2609 3637 πλεο-

359 3671 542 3761 νάζει
585 3676 704 3751 διὰ
770 3674 888 3765 τὴν
949 3672 1357 3759 χασμωδίαν,
1423 3672 1507 3739 ob
1571 3688 1839 3754 eamque
1898 3689 2158 3741 causam
2223 3670 2414 3739 schol.
2456 3669 2609 3736 Dio-

359 3780 683 3864 nys.718.
736 3779 814 3846 19
859 3774 1079 3847 οὐκέτι
1125 3782 1192 3845 et
1213 3771 1449 3844 ουκοῦν
1491 3774 1744 3858 hyphen
1767 3772 1960 3843 scribi
1982 3772 2135 3840 dicit
2156 3772 2386 3855 spiritu
2408 3772 2617 3855 sopito

361 3889 427 3951 et
469 3884 587 3950 hoo
630 3883 843 3965 kappa
885 3877 1356 3970 ἔφελκυστικόν
1402 3877 1683 3960 appellat
1715 3877 1962 3943 siout
1928 3913 1964 3950 v
1999 3877 2067 3942 in
2112 3874 2404 3958 syntheto
2444 3872 2610 3940 ἀνά-

297 4042 298 4045 ,
363 3985 528 4065 ξιος.
620 3984 1018 4057 contrariam
1062 3983 1442 4081 sententiam
1487 3980 1815 4067 amplexus
1859 3979 2288 4049 Buttmannus
2332 3995 2600 4065 gramm.

362 4087 508 4183 §26
530 4090 673 4159 adn.
697 4088 739 4157 8
784 4090 1009 4159 statuit
1031 4089 1307 4154 omnium
1328 4083 1603 4187 primum
1625 4080 1821 4151 fuisse
1867 4077 2039 4165 οὐκί,
2078 4081 2226 4148 hinc
2247 4085 2466 4151 autem
2487 4073 2612 4148 οὐκ

327 4188 338 4195 “
363 4191 600 4261 factum
613 4210 755 4263 esse
766 4196 835 4259 et
845 4175 1181 4273 dupliciter
1192 4193 1592 4257 attenuatum
1612 4211 1691 4257 ov
1668 4181 1811 4272 ’[cf.
1823 4185 2006 4255 P.111
2021 4182 2274 4269 C.1§2].
2296 4182 2614 4253 Matthiae

367 4313 519 4362 vero
539 4315 601 4379 p.
632 4293 751 4363 129
775 4312 916 4362 eum
939 4293 1080 4359 aliis
1102 4293 1539 4377 pleonasmum
1559 4288 1842 4378 praefert
1861 4289 1982 4355 hoc
2003 4291 2393 4371 argumento,
2435 4285 2611 4373 quod
