2946 4928
439 346 517 413 16
712 340 735 350 ’
762 376 769 380 ·
1191 345 1749 415 DISSERTATIO
1819 348 1927 415 VI.

434 511 758 591 eiusmodi,
802 511 912 576 ubi
952 512 1301 577 necessitas
1344 511 1456 577 illa
1497 530 1623 576 non
1666 511 2019 577 intercedit.
2107 511 2315 593 Atque
2358 512 2483 578 huc
2527 530 2675 578 eum

431 613 834 696 progressum
889 633 1030 680 esse
1073 614 1376 680 Lehrsius
1420 614 1613 679 sumit
1666 633 1783 696 pro
1828 615 2115 680 enclitico
2161 616 2331 682 ποτέ
2378 649 2450 663 --
2504 615 2676 683 ποτέ

434 717 626 783 tacite
672 717 1061 782 substituens
1107 713 1275 784 πότε
1325 754 1394 766 -
1449 713 1636 797 πότε,
1682 736 1843 799 quae
1888 719 2173 799 quaestio
2216 722 2395 783 tanto
2420 718 2675 783 doctore

432 818 604 884 haud
649 818 837 884 dubie
881 806 1141 901 dignior.
1208 819 1311 885 Ad
1351 820 1468 885 hoc
1514 826 1727 886 autem
1769 821 2174 886 iudicandum
2216 820 2324 886 ille
2369 822 2529 886 duas
2570 840 2675 886 ra-

434 922 637 986 tiones
680 921 978 987 habuisse
1022 923 1290 1003 videtur,
1334 924 1826 989 modulationem
1868 924 2260 1006 rythmorum
2303 928 2371 989 et
2413 936 2675 989 consen-

434 1025 674 1089 sionem
745 1025 1029 1090 codicum
1092 1025 1422 1106 paradosis
1490 1026 1800 1091 scholicae
1864 1030 2112 1092 testem.
2239 1028 2315 1092 In
2367 1026 2677 1108 principio

433 1127 626 1208 igitur
647 1143 945 1193 versuum
989 1128 1359 1195 divisionem
1402 1128 1722 1209 praetulit„
1768 1126 1947 1215 ἔγχεϊ
1980 1126 2268 1215 χαλκείῳ
2310 1148 2435 1194 non
2479 1129 2678 1195 semel

433 1229 669 1295 lectum
712 1230 827 1295 sed
871 1230 1067 1295 octies
1112 1247 1255 1295 cum
1297 1230 1522 1295 eodem
1566 1230 1863 1313 epitheto,
1910 1237 1976 1297 et
1996 1233 2123 1296 alia
2165 1249 2309 1297 cum
2338 1233 2497 1313 affiS,
2544 1233 2678 1298 sive

386 1335 411 1341 ”
439 1333 732 1414 spondeis
756 1333 1162 1415 sequentibus
1187 1331 1372 1400 ἕλκεϊ
1385 1332 1796 1415 μοχθίζοντα
1819 1333 1885 1398 Π
1908 1333 2050 1416 723,
2075 1336 2309 1401 πένθεϊ
2327 1330 2383 1401 δ’
2414 1329 2676 1422 ἀτλήτῳ
2746 1393 2756 1400 .

435 1435 528 1501 IX
553 1435 629 1517 3,·
659 1432 903 1505 κάλλεΐ
932 1462 1002 1504 τε
1047 1435 1328 1519 στίλβων
1370 1436 1471 1503 III
1495 1435 1638 1516 392,
1685 1433 1921 1503 κάλλεϊ
1938 1438 2046 1503 καὶ
2071 1436 2322 1524 ἔργοισι
2349 1437 2510 1502 ΧΠΙ
2529 1434 2677 1517 432,
2785 1451 2792 1456 ’

437 1531 569 1604 sive
615 1540 878 1623 dactylis
925 1532 1119 1606 ὅστεϊ
1156 1539 1266 1605 καὶ
1313 1526 1596 1606 τεκέεσσί
1644 1538 1760 1604 Od.
1807 1539 1965 1604 VIII
2007 1538 2165 1620 5253
2219 1542 2333 1607 sed
2376 1545 2524 1606 ante
2567 1560 2677 1606 vo-

436 1634 605 1708 cales
647 1634 904 1725 reliquit
944 1643 1255 1726 bisyllaba
1283 1636 1512 1730 ’Ἀργει
1560 1642 1631 1707 ἐν
1675 1638 2055 1727 ἱπποβότῳ,
2102 1643 2340 1709 στείνει
2387 1643 2455 1710 ἐν
2502 1640 2678 1710 αἶνο-

436 1743 635 1833 τάτῳ,
680 1745 885 1829 χείλει
931 1743 1331 1835 ἐφεσταότες
1375 1751 1592 1827 spreta
1635 1747 1911 1826 elisione,
1958 1746 2058 1811 cui
2102 1745 2407 1829 Didymus
2454 1745 2678 1812 suffra-

437 1854 622 1931 gatur
665 1850 738 1916 Il.
772 1851 896 1916 XX
939 1848 1084 1931 259,
1130 1849 1238 1914 ubi
1281 1850 1467 1931 vulgo
1512 1849 1744 1931 legitur
1789 1847 1976 1917 σάκει
2023 1841 2264 1937 ἤλασεν
2307 1847 2514 1933 ἔγχος,
2565 1851 2678 1916 sed

436 1953 543 2016 ille
591 1953 962 2038 διαιρετέον
1006 1951 1083 2017 τὸ
1129 1947 1327 2018 σάκεϊ
1365 1952 1478 2018 καὶ
1522 1948 1723 2029 ἶακῶς
1766 1951 1841 2017 τὸ
1890 1947 2094 2033 ἔλαθ,
2140 1970 2302 2033 quae
2325 1952 2680 2018 Aristarchi

440 2055 755 2145 sententia
797 2053 992 2134 fuisse
1035 2059 1314 2137 putatur.
1405 2055 1773 2137 Synaere'sis
1813 2054 2213 2120 Herodianus
2255 2074 2451 2120 unum
2496 2055 2682 2121 affert

438 2157 781 2238 specimen,
857 2158 1024 2240 quod
1088 2157 1270 2224 facile
1338 2159 1421 2242 ad
1464 2159 1720 2223 solitum
1772 2157 2056 2222 revocari
2095 2161 2348 2244 poterat
2390 2165 2682 2240 correpta

438 2266 586 2326 ante
630 2261 711 2347 ’,ῗξ
752 2260 953 2326 vocali
996 2266 1070 2325 ut
1113 2259 1335 2328 ὅντινα
1384 2265 1651 2348 πρῶτον
1695 2257 1881 2346 ἴδηαι
1928 2264 1995 2324 et
2015 2260 2136 2339 all„
2182 2260 2431 2325 silentio
2466 2266 2680 2327 autem

437 2363 826 2428 transmissit
863 2361 1049 2452 χήτει
1094 2360 1339 2432 τοιοῦδ’
1387 2360 1650 2451 ἀνδρός,
1695 2363 1863 2444 quod
1907 2362 2046 2426 edd.
2077 2367 2227 2427 vett.
2260 2362 2360 2427 bis
2383 2364 2684 2430 exhibent

441 2464 513 2530 Il.
560 2466 652 2531 VI
694 2463 820 2531 463
850 2460 933 2531 'et
972 2467 1128 2533 XIX
1170 2467 1315 2550 324,
1364 2470 1479 2534 sed
1520 2485 1686 2532 nunc
1728 2466 1979 2548 punctis
2003 2466 2341 2531 diacriticis
2376 2468 2679 2549 signatur.
2749 2521 2763 2531 .
2881 2428 2882 2437 ἵ

439 2568 683 2633 Eadem
753 2569 978 2636 Wolfio
1041 2576 1387 2652 praeeunte
1454 2568 1852 2652 superposita
1918 2572 2068 2633 sunt
2129 2569 2365 2634 nomini
2427 2572 2681 2652 proprio

440 2673 666 2758 Πηλέϊ
714 2664 792 2751 ὃς
836 2674 989 2762 περὶ
1036 2677 1183 2760 κῆρι
1230 2674 1444 2739 XXIV
1490 2672 1566 2738 61
1629 2690 1745 2753 pro
1788 2674 2031 2758 Πηλεῖ,
2078 2672 2246 2753 quod
2288 2670 2684 2739 Hofmannus

383 2810 390 2818 ·
443 2777 697 2854 Quaest.
727 2776 910 2842 Hom.
936 2776 1019 2841 57
1054 2782 1120 2841 et
1135 2775 1220 2841 84
1245 2778 1324 2842 de
1347 2775 1564 2841 exsilio
1586 2775 1919 2839 revocavit.
1991 2773 2388 2840 Simillimum
2410 2779 2687 2863 Πορθεῖ

442 2881 566 2970 γὰρ
613 2886 788 2969 τρεῖς
832 2883 1071 2957 παῖδες
1112 2878 1266 2944 XIV
1314 2878 1434 2945 115
1479 2895 1663 2942 nemo
1718 2876 1783 2941 in
1829 2876 2248 2958 suspicionem
2294 2878 2561 2943 adduxit
2620 2884 2685 2944 et
2809 2881 2812 2884 ’
2881 2861 2884 2882 ⁴

444 3003 521 3049 ex
563 2982 846 3065 professo
890 2986 1108 3046 tuetur
1153 2980 1342 3045 schol.
1388 2980 1579 3045 Vict.:
1648 2977 1859 3055 οὕτως
1905 2977 2339 3063 δισυλλάβως.
2429 2965 2684 3064 Duplici

442 3086 801 3151 testimonio
845 3082 1164 3149 firmatum
1207 3088 1306 3149 est
1350 3076 1512 3165 ι’)’ψει
1547 3077 1605 3149 δ’
1635 3076 1769 3149 οὔτ’
1800 3074 1883 3167 ῗίρ
1910 3106 2017 3147 πω
2041 3081 2121 3147 σὺ
2147 3078 2284 3160 ἴδες
2314 3082 2385 3148 ΙΙ.
2410 3084 2534 3148 XX
2555 3083 2683 3150 205

266 3155 273 3164 ,
348 3235 355 3240 -
445 3196 521 3257 et·
555 3189 671 3255 Od.
694 3188 916 3253 XXIII
957 3185 1059 3268 94,
1105 3187 1273 3268 quod
1317 3187 1607 3262 convenit
1649 3204 1792 3251 cum
1836 3182 2042 3271 ῧβρει,
2092 3180 2339 3272 ἀγύρει,
2389 3186 2681 3269 δυνάμει,

444 3295 558 3361 sed
610 3312 736 3359 non
790 3292 1011 3357 e'adem
1050 3291 1434 3355 necessitate
1493 3290 1850 3355 devinctum
1895 3292 2009 3352 est.
2098 3288 2449 3372 Utramque
2492 3292 2687 3355 ratio-

445 3416 591 3463 nem
622 3395 877 3462 miscuit
916 3393 988 3458 Il.
1024 3393 1207 3458 XVII
1239 3391 1363 3457 329
1410 3390 1636 3479 κάρτει
1662 3391 1723 3475 *)
1769 3416 1839 3457 τε
1875 3389 2122 3460 σθένεΐ
2148 3419 2218 3459 τε
2255 3391 2687 3471 πεποιθότας

446 3497 689 3590 ἠνορέῃ
714 3525 784 3565 τε
806 3494 1059 3581 πλήθεΐ
1077 3522 1148 3561 τε
1177 3494 1493 3582 σφετέρῳ,
1510 3514 1776 3576 quorum
1800 3514 1994 3559 unum
2018 3498 2244 3562 σθένεϊ
2262 3495 2684 3582 εγῃειΙορΡὴοῐι

443 3622 570 3669 non
611 3600 753 3666 fert.
842 3598 1328 3664 controversum
1369 3597 1566 3663 fuisse
1609 3594 1838 3679 μάντει
1882 3593 2236 3682 εἰδόμενος
2268 3598 2429 3663 XIII
2463 3597 2545 3664 69
2591 3600 2684 3663 in-

447 3706 618 3771 dicat
639 3703 830 3770 schol.
854 3702 1042 3766 vict:
1093 3695 1171 3766 οὐ
1217 3702 1469 3787 διαιρεῖ
1513 3694 1603 3778 ὡς
1646 3700 1720 3765 τὸ
1772 3694 2009 3789 ἀΐδρεϊ,
2056 3702 2223 3766 unde
2258 3702 2687 3784 cognoscimus

447 3794 594 3874 eu'm
636 3806 871 3892 μάντει
917 3799 1289 3886 ἐειδόμενος
1332 3803 1564 3899 legisse
1630 3802 1697 3867 in
1739 3803 1936 3869 libris.
2046 3804 2143 3869 De
2198 3805 2471 3870 secundo
2525 3804 2720 3887 pede*

587 4053 648 4148 4)
687 4085 773 4139 Sic
806 4085 864 4136 in
897 4100 1068 4147 mcor„
1113 4089 1170 4134 at
1201 4080 1258 4135 in
1282 4093 1463 4151 proyr.
1506 4079 1699 4136 Condit.
1740 4079 1921 4135 Prusa.
1956 4098 2100 4150 reqn.
2135 4078 2363 4135 XVIII
2388 4079 2512 4135 Jan.
2552 4078 2684 4140 1857

439 4189 515 4240 p„
539 4172 597 4225 11:
653 4175 756 4236 „Et
792 4168 990 4237 πλήθει
1023 4173 1195 4238 ipsum
1233 4171 1545 4223 dissolutum
1580 4175 1661 4221 est
1693 4170 1757 4222 11.
1785 4170 1936 4222 XVII
1965 4166 2066 4224 329
2101 4164 2294 4240 κάρτεϊ·
2323 4197 2384 4205 -
2440 4164 2688 4235 mlh-9⁶2⁴&

449 4259 577 4311 aima
628 4249 795 4327 WOffw
830 4256 1013 4321 Dlvwl„
1047 4257 1263 4323 Bekker,
1301 4257 1382 4324 (in
1418 4257 1498 4309 ed.
1536 4256 1594 4322 1)
1630 4255 1959 4324 scripseram,
1993 4255 2074 4307 hic
2112 4255 2169 4307 in
2203 4254 2282 4307 ed.
2322 4255 2400 4306 II
2427 4250 2606 4328 κάρτει
2644 4258 2711 4306 et.

451 4341 669 4411 πλήθει.
