2946 4928
418 344 574 462 '2⁵6
699 323 704 328 ’
1203 341 1761 411 mssnnrA'no
1804 343 1947 412 vn
2054 410 2063 420 ,

432 509 529 575 'de
571 526 699 591 qua
737 507 1082 590 loquimur,
1148 507 1423 590 primum
1488 508 1763 590 genitivo
1809 507 2113 591 singulari
2156 506 2508 574 adhibitam
2551 524 2698 573 esse

448 611 676 677 docent
717 612 949 678 omisso
993 610 1195 693 sigma
1237 608 1440 677 finali:
1507 608 1841 700 κλισίηφι,
1910 601 2300 695 omissaque,
2369 611 2426 676 si
2467 628 2587 677 vox
2629 610 2700 676 in

440 711 517 785 ’δ’ὁ
559 715 707 795 exit.
755 714 952 781 vocali
995 720 1305 781 extrema:
1374 711 1790 803 ιιελαθρόφι,
1845 705 2327 781 dehinc‘autem
2372 713 2458 779 ad
2501 713 2737 800 alium,

448 822 641 899 atque
683 818 877 883 alium
900 836 1118 884 casum
1137 817 1565 900 proserpsisse
1610 822 1678 883 et
1697 817 2035 900 praecipue
2080 817 2163 883 ad
2199 817 2485 883 dativum
2530 816 2702 899 eius,-

448 920 595 1015 dem
635 921 908 1001 numeri,
954 927 1022 987 et
1062 922 1288 988 horum
1332 921 1688 1003 exemplum
1731 940 2178 1003 nonnunquam
2223 920 2405 1002 sequi
2447 920 2702 985 numeri

445 1023 710 1124 pluralis
754 1042 973 1091 casum
1016 1024 1364 1091 secundum
1405 1023 1819 1104 tertiumque:
1888 1020 2407 1113 κοιυληδονόφι,
2471 1024 2704 1109 νηδυι-

448 1124 595 1216 όφι,
640 1122 870 1215 θεόφι.
920 1165 992 1176 -
1043 1128 1141 1193 De
1174 1128 1469 1192 merismo
1513 1125 1594 1190 lis
1637 1129 1739 1191 est
1779 1126 1948 1192 inter
1971 1126 2368 1211 Tryphonem
2413 1131 2481 1192 et
2502 1125 2705 1208 Apol-

439 1230 701 1297 lonium.
786 1230 909 1296 Hic
951 1230 1091 1296 iure
1135 1228 1458 1297 contendit
1497 1224 1720 1315 βίηφι,
1769 1228 2161 1318 πασσαλόφι
2202 1250 2329 1296 non
2394 1228 2711 1296 adverbia

382 1351 388 1355 ’
448 1352 590 1400 esse
634 1328 786 1418 (οὐκ
830 1331 1107 1416 ἔχεσθαι
1153 1331 1684 1422 ἐπιρῥηματικῆς
1726 1333 2175 1420 παραγωγῆς),
2222 1333 2336 1400 sed
2359 1351 2543 1399 casus
2580 1350 2708 1398 no-

446 1436 713 1504 minales
758 1433 1078 1520 (πτώσεις
1124 1429 1573 1519 ὄνοματικᾶς),
1620 1431 1696 1499 cf.
1739 1435 1945 1518 Epim.
1991 1436 2024 1501 I
2067 1434 2212 1504 293.
2277 1436 2530 1502 Etenim
2560 1439 2709 1501 ter-

445 1539 858 1606 minationum
899 1538 1193 1604 localium
1235 1540 1331 1619 ιῖξ
1379 1538 1463 1620 35,
1515 1538 1580 1608 3}
1624 1555 2039 1621 unaquaeque
2060 1543 2292 1604 natura¹
2311 1540 2497 1604 unius
2535 1539 2713 1604 certi

451 1661 636 1732 casus
682 1639 1203 1725 significationem
1246 1640 1459 1722 habet,
1529 1643 1599 1729 «ἷι
1641 1660 1790 1708 vero
1857 1642 2363 1707 accommodatur
2425 1640 2713 1722 obliquis

447 1733 737 1813 omnibus
751 1797 767 1827 ‚
833 1763 1030 1827 quare
1072 1763 1197 1827 quo
1240 1745 1560 1828 pertineat
1603 1764 1681 1811 ex
1724 1744 2029 1828 appositis
2074 1744 2328 1810 demum
2372 1743 2708 1825 cognosci⁴

445 1853 578 1913 tur:
646 1846 719 1914 ἐκ
749 1934 754 1938 ,
786 1847 1103 1934 ποντόφι,
1174 1846 1497 1936 ἆγλαΐηφι
1542 1843 1925 1928 πεποιθώς,
1994 1845 2452 1931 τιτυσκόμενος
2493 1870 2712 1931 κεφα-

448 1950 617 2036 λῆφι
661 1954 778 2016 etc.
797 1949 849 2034 ³)
892 1950 1071 2016 Haec
1111 1950 1305 2031 igitur
1346 1950 1669 2015 nominum
1713 1949 2171 2030 complementa
2215 1949 2478 2015 dicimus
2541 1966 2713 2029 poe-

445 2052 601 2133 tica,
665 2051 778 2118 illa
834 2070 984 2138 vero
1029 2052 1331 2118 adverbia
1393 2070 1740 2135 paronyma
1751 2052 1805 2135 ⁴)
1873 2051 1958 2116 ad
2019 2051 2498 2134 distinguendas
2556 2055 2715 2116 tres

446 2147 694 2237 σχέσεις
733 2155 977 2238 topicas
1023 2155 1401 2222 introducta.

455 2267 458 2268 *
617 2259 653 2346 ἓ
700 2257 759 2326 6.
846 2259 966 2325 His
1032 2259 1338 2325 adhaeret
1409 2256 1699 2340 quaestio
1774 2257 1856 2323 de
1931 2258 2172 2341 origine
2252 2258 2531 2341 syllabae
2611 2264 2713 2349 ξῖ,

445 2360 664 2445 Nuper
686 2361 931 2445 Boppio
976 2367 1232 2428 auctore
1267 2358 1539 2427 diffluxit
1583 2378 1789 2427 sermo
1833 2362 1913 2427 de
1958 2379 2111 2427 casu
2133 2362 2405 2444 quodam
2426 2381 2713 2447 peregre

443 2467 708 2548 invecto,
752 2484 942 2548 quem
983 2466 1323 2546 locativum
1366 2469 1433 2531 et
1476 2464 2024 2532 instrumentalem
2090 2471 2484 2548 nuncupant3
2548 2466 2714 2533 huic

444 2576 659 2636 autem
703 2574 913 2636 omnia
953 2570 1064 2635 illa
1105 2569 1362 2635 nomina
1383 2568 1724 2634 subiiciunt
1767 2574 1834 2634 et
1874 2569 2140 2651 proinde
2183 2563 2428 2657 Ἰλιόφι
2474 2560 2712 2651 ’τείχεα

442 2672 569 2763 Die
611 2671 884 2753 Manem
947 2694 1067 2736 vor
1109 2670 1299 2752 Ilion,
1367 2669 1618 2758 θεόφιν
1688 2665 2061 2750 ἀτάλαντος
2122 2670 2324 2758 9ἰθίσῘι
2390 2694 2537 2738 vor.
2570 2670 2709 2736 dom

445 2773 729 2858 G‘b'ttern‚
799 2774 1011 2854 πολὺς
1076 2769 1135 2842 δ’
1183 2769 1342 2859 ἄμφ’
1413 2766 1728 2861 ὀστεόφιν
1799 2774 1910 2853 θὶς
1976 2773 2229 2860 ἀνδρῶν
2297 2773 2714 2859 πυθομένων

443 2877 707 2962 Haufen
749 2901 869 2942 von
898 2876 1253 2959 Menschen‚
1308 2875 1410 2940 die
1453 2900 1540 2940 an
1584 2874 1703 2940 den
1747 2875 2044 2942 Knochen
2067 2877 2334 2962 faulten
2355 2877 2422 2961 ¹),
2492 2881 2703 2959 atque
2734 2900 2741 2903 “

442 2982 568 3046 alia
588 2979 877 3048 fabulosa
899 2990 1012 3048 aut
1031 2980 1658 3073 fabulosisproxima,
1682 2999 1739 3045 v,
1764 2979 2076 3063 Hartung.
2117 2980 2197 3045 de
2220 2977 2710 3063 Gasib.234fsq‚,

444 3083 713 3149 AhrenS.
758 3083 922 3148 Dial.
966 3083 1117 3148 Dor.
1163 3082 1308 3163 365,
1375 3082 1677 3148 Kuehner
1731 3101 1994 3166 gramm.
2038 3083 2071 3148 I
2115 3082 2259 3165 298,
2325 3083 2580 3149 Dronkc
2630 3083 2713 3148 in

443 3186 608 3253 Mus.
652 3185 851 3253 Rhen.
895 3184 1050 3252 NoV.
1097 3185 1164 3251 T.
1210 3185 1305 3251 IX
1348 3183 1494 3251 619.
1582 3185 1867 3268 Heynius
1911 3186 1977 3251 in
2006 3185 2157 3251 Exc.
2202 3185 2269 3250 11
2312 3187 2395 3252 ad
2436 3185 2507 3251 L.
2534 3185 2710 3251 VIII

443 3293 549 3379 ὅῷῖ
593 3291 902 3373 syllabam
957 3308 1034 3355 ex
1099 3289 1481 3371 antiquiore·
1514 3308 1637 3354 usu
1699 3288 2084 3372 pronominis
2135 3285 2327 3376 σφίσι
2392 3288 2496 3354 vel
2562 3286 2710 3375 σφί

441 3399 660 3471 natam
704 3393 1079 3476 suspicatur,
1125 3397 1194 3459 et
1234 3411 1360 3458 non
1406 3391 1685 3458 excludit
1727 3391 2060 3475 digamma.
2142 3390 2491 3456 Thierschii
2544 3407 2706 3455 sen-

580 3669 635 3735 3)
669 3670 754 3723 Ad
787 3668 929 3723 hunc
962 3670 1175 3723 modum
1212 3670 1509 3724 Simonides
1543 3669 1760 3735 Fragm.
1794 3684 1847 3720 n.
1882 3663 1953 3718 50
1986 3682 2037 3732 p.
2066 3660 2136 3718 68
2173 3663 2500 3720 Schneidew.
2536 3664 2708 3719 dixit:

441 3751 667 3826 τεκνόφι
703 3754 859 3823 δίκην
895 3773 991 3825 pro
1026 3758 1221 3810 τέκνου
1247 3750 1434 3825 χάριν.
1556 3797 1560 3802 .

579 3842 634 3906 4)
668 3843 993 3910 Porphyrius
1029 3843 1172 3911 apud
1208 3841 1537 3908 Simplicium
1570 3841 1626 3890 in
1649 3840 1846 3892 Oomm.
1883 3837 1953 3890 ad
1972 3838 2156 3904 Categ.
2193 3834 2252 3890 B.
2275 3852 2314 3890 ε.
2354 3837 2408 3892 b.
2445 3836 2528 3889 ed.
2557 3837 2665 3889 ald
2689 3877 2704 3903 ,

440 3945 495 3995 p.
529 3926 613 3980 43.
651 3927 704 3981 b.
739 3929 822 3982 ed.
857 3926 1049 3983 Brand.
1122 3924 1181 3982 τὸ
1217 3924 1545 3995 πασσαλόφι.
1581 3926 1675 3977 καὶ
1710 3921 1771 3978 τὸ
1806 3911 1911 3992 ἧφι
1961 3927 2141 3992 βίηφι,
2162 3978 2177 3982 ,
2199 3917 2342 3991 ἅπερ
2379 3918 2702 3995 παράγωγᾶ

438 4029 582 4072 τινες
615 4008 899 4077 ἐκάλεσαν,
939 4011 1039 4087 οὖν
1074 4008 1145 4068 ἂν
1179 4016 1261 4082 εἴη
1298 4007 1632 4086 παρώνυμα·
1669 4009 1761 4065 δεῖ
1789 4005 1898 4080 γὰρ
1931 4004 2010 4077 μθ*
2063 4003 2123 4060 τὸ
2178 4001 2311 4060 αὐτὸ
2365 4005 2701 4079 ἀπαραλλά-

441 4117 578 4158 κτως
613 4096 904 4168 σημαίνειν
937 4097 1001 4154 τὰ
1039 4096 1579 4174 παρώνυμα·’ταῦτα
1616 4094 1680 4149 δὲ
1717 4093 1883 4150 οὐδὲν
1917 4094 2384 4165 παρηλλαγμένον
2436 4098 2700 4164 σημαίνει

441 4187 537 4240 τοῦ
569 4190 661 4259 βίῃ
698 4185 792 4237 καὶ
827 4185 925 4238 τοῦ
978 4181 1286 4248 πασσάλου,
1343 4185 1660 4252 quibuscum
1695 4181 2016 4235 conferenda
2051 4186 2174 4234 sunt
2206 4181 2472 4248 Apollonii
2522 4181 2699 4233 verba

440 4273 543 4329 577
580 4278 633 4426 {3
665 4269 981 4425 gignamus,
1017 4364 1075 4410 ut
1108 4374 1204 4426 par
1238 4363 1336 4423 est,
1375 4353 1536 4428 ἀμφί
1562 4373 1658 4426 pro
1693 4353 1875 4427 ἀμφίς
1908 4355 2132 4423 aceepit.

344 4177 381 4192 f
