2946 4928
648 293 762 369 nn
806 292 1602 370 PnosoHEMA‘risMO.
1689 294 1765 361 P.
1788 295 1837 361 L
1885 294 2024 361 (3.1.
2072 296 2127 382 g.
2151 295 2210 362 5.
2418 295 2540 363 155

293 457 577 541 protulit.
653 453 770 523 Ἓν
785 482 817 525 ε
833 483 947 537 κε,
1012 458 1182 540 quod
1245 463 1314 524 et
1375 459 1443 523 in
1497 458 1816 525 codicibus
1859 459 2215 526 Atticorum
2255 476 2540 526 nonnun-
2591 543 2604 550 ,

294 580 491 643 quam
512 560 765 642 legitur,
809 563 885 625 ut
924 560 991 625 in
1011 559 1172 626 Plat.
1196 560 1462 627 Phaedr.
1489 558 1614 626 259
1642 560 1720 627 D.
1744 565 1812 626 et
1832 557 2023 628 Isocr.
2048 561 2276 643 Areop.
2293 559 2539 628 39.147

295 664 498 732 Bekk.
544 667 614 728 et
644 679 839 743 saepe
866 663 1062 729 etiam
1085 662 1257 745 apud
1278 663 1617 745 scriptores
1638 663 1950 745 vulgareS,
1994 682 2153 746 quos
2179 664 2544 734 Thesaurus

297 767 553 845 indicat,
623 783 751 832 non
811 782 953 828 eam
997 763 1394 845 antiqmtatis
1439 766 1716 847 speciem
1757 765 1979 844 habet,
2023 771 2096 831 ut
2136 767 2284 832 hinc
2329 765 2543 835 ἕνεκεν

302 873 512 936 ortum
553 867 756 933 videri
796 866 1026 947 possit,
1093 865 1405 949 huiusque
1473 885 1830 943 consonam⁴
1867 867 2121 936 finalem
2161 888 2289 935 non
2330 870 2543 936 hiatus

304 981 500 1037 causa
541 968 907 1038 arcessitam
951 985 1092 1034 esse
1135 968 1441 1050 probatur
1486 988 1579 1049 eo,
1625 970 1793 1053 quod
1837 969 2023 1037 ἕνεκα
2052 989 2361 1054 persaepe
2395 978 2542 1039 ante

302 1073 550 1140 vocales
593 1071 909 1163 reperitur
918 1070 986 1154 ¹),
1036 1069 1249 1138 ἕνεκεν
1295 1076 1444 1137 ante
1491 1076 1925 1153 consonantes
1970 1093 2028 1139 v.
2056 1072 2415 1140 Schneider.
2461 1076 2544 1140 ad

305 1175 485 1243 Civit.
535 1175 604 1240 T.
647 1174 747 1240 III
788 1170 936 1252 254,
982 1173 1215 1257 Popp0.
1263 1174 1346 1239 ad
1391 1174 1583 1240 Thuc.
1627 1175 1659 1239 I
1701 1172 1787 1240 68
1832 1175 1929 1241 ed.
1974 1195 2113 1242 nov.
2143 1177 2414 1243 Facilior
2445 1182 2545 1242 est

298 1277 641 1357 concessio,
686 1268 896 1344 εἶτεν
919 1281 986 1342 et
1006 1275 1147 1343 ἕπε
1164 1301 1283 1343 cve
1301 1302 1334 1341 v
1359 1276 1694 1357 dupliciter
1711 1279 2096 1360 interpolata
2135 1298 2298 1361 esse,
2341 1283 2545 1345 meta-

297 1381 462 1463 lepsi
505 1381 741 1448 vocalis
782 1384 852 1445 et
888 1379 1280 1445 assumtione
1324 1395 1635 1446 consonae
1649 1379 1733 1462 ²).
1750 1417 1821 1427 —-
1857 1379 1985 1446 Sed
2025 1382 2154 1446 iam
2196 1382 2397 1463 video,
2441 1401 2545 1447 me

299 1485 383 1560 sul
422 1484 585 1550 illud
624 1501 825 1565 genus
870 1483 1214 1548 deductum
1254 1500 1420 1561 esse,
1491 1481 1657 1564 quod
1710 1500 1836 1556 11011
1877 1484 2127 1564 epsilon
2165 1483 2232 1547 in
2276 1484 2545 1550 catalexi

296 1586 514 1666 hehet,
562 1586 680 1653 sed
720 1586 880 1652 alias
923 1585 1194 1651 vocales.
1302 1583 1445 1648 Huc
1486 1602 1614 1649 non
1655 1582 1935 1649 referam·
1973 1584 2150 1669 πέρα
2195 1590 2262 1650 et
2308 1585 2541 1672 πέραν,

294 1708 466 1772 quae
504 1694 764 1755 veteres
807 1687 932 1769 ipsi
974 1703 1015 1752 a
1057 1683 1360 1752 societate
1407 1684 1776 1754 affectorum
1818 1687 2003 1768 longe
2024 1692 2269 1754 remota
2290 1687 2543 1769 habent,

297 1810 357 1857 v.
399 1791 649 1858 Pathol.
693 1790 959 1858 Elemm.
1006 1789 1039 1853 I
1084 1787 1229 1858 624.
1316 1788 1793 1856 Dubitationem
1837 1788 2023 1856 affert
2046 1788 2090 1855 ἔ
2090 1815 2139 1873 μ
2153 1813 2262 1858 πα
2274 1816 2329 1865 ν,
2377 1790 2547 1872 quod

300 1894 616 1960 Pindarus
685 1899 752 1961 et
814 1893 1196 1975 posteriores
1263 1911 1378 1973 pro
1422 1891 1758 1959 Homerico
1811 1890 2033 1979 ἔμπης
2086 1897 2543 1975 assumserunt,

302 1997 370 2062 et
402 1995 619 2079 ἔμπα,
669 1996 829 2062 illud
868 1995 1454 2075 macrocatalecton‚
1499 1996 1619 2062 hoc
1661 1996 1839 2064 brevi
1881 1996 2123 2077 ultima,
2167 2016 2225 2061 v.
2269 1996 2413 2062 adn.
2459 1996 2544 2062 ad

301 2099 475 2164 Aiac.
522 2091 687 2179 563.
715 2117 911 2181 quare
955 2098 1229 2165 mutilati
1273 2098 1540 2164 similius
1581 2099 1848 2166 videtur.
1939 2097 2068 2165 Sed
2109 2098 2268 2165 certi
2318 2103 2534 2165 tamen
2577 2122 2586 2130 ⁸

301 2202 458 2267 nihil
476 2201 805 2269 habemus
824 2238 894 2247 —
916 2200 1186 2283 Largius
1231 2197 1437 2265 fluunt
1481 2201 1797 2282 adverbia,
1843 2219 2007 2283 quae
2048 2201 2181 2266 iota
2221 2200 2289 2265 in
2322 2188 2548 2266 ultima

301 2303 559 2384 habent,
606 2322 645 2368 a
691 2303 1087 2385 Theognosto
1110 2302 1413 2368 delibata
1458 2302 1610 2368 Gan.
1662 2302 1800 2368 161.
1846 2302 1930 2368 32
1975 2302 2055 2368 τὰ
2097 2299 2194 2380 εἷς
2239 2304 2310 2373 ἶιῖ
2353 2301 2545 2391 &mgi-

324 2403 378 2428 t!
2046 2409 2099 2418 —

300 2432 564 2491 ρηματα
607 2402 681 2473 ἐκ
728 2406 1154 2488 πλεονασμοῦ
1201 2403 1431 2487 ἔχοντα
1477 2405 1556 2472 τὸ
1621 2408 1667 2476 ἶ
1717 2404 1832 2472 διὰ
1878 2407 1998 2471 φοῦ
2061 2443 2083 2474 ι
2143 2401 2546 2492 γράφονταιε

156 2530 165 2533 ’
300 2503 511 2579 αὖθιν
537 2509 610 2592 ⁸),
654 2505 813 2586 αἰέν,
863 2504 1084 2588 πάλιν,
1135 2509 1447 2595 πέρυσιν,
1482 2505 1690 2588 νυνίν,
1738 2500 2043 2576 οὖτωὸίν.
2131 2507 2378 2573 Horum
2422 2509 2547 2574 duo

300 2611 510 2693 prima
554 2630 593 2676 a
634 2615 855 2677 nostra
898 2626 1093 2676 causa
1135 2610 1343 2676 aliena
1386 2615 1550 2676 sunt.
1580 2641 1586 2646 ·
1638 2614 1713 2675 11
1724 2607 1765 2677 ά
1787 2613 1819 2674 λ
1835 2598 1908 2676 ιἰι
1971 2610 2195 2677 multo.
2223 2611 2548 2693 antiquius

184 2748 191 2751 ·
302 2719 371 2780 et
411 2714 731 2796 vulgatius
775 2717 876 2779 est
917 2731 1108 2794 quam
1155 2709 1340 2791 πάλι,
1385 2713 1555 2794 quod
1596 2713 1989 2796 Phrynichus
2028 2712 2113 2779 ab
2158 2713 2392 2779 Atticis
2431 2713 2545 2781 ab·

301 2816 570 2895 iudicat,
637 2836 694 2882 v.
739 2815 1012 2881 Meinek.
1087 2813 1258 2879 Com.
1315 2815 1452 2880 Vol.
1498 2815 1565 2879 II
1627 2814 1753 2881 625
1771 2866 1786 2896 ,
1854 2833 2059 2898 neque
2119 2816 2207 2881 ab
2271 2815 2548 2882 Homero

302 2923 681 3000 usurpatum
725 2923 853 2998 est,
919 2922 993 2982 ut
1034 2916 1347 2982 Matthiae
1413 2917 1566 2982 dicit
1609 2918 1664 3001 ξ.
1709 2914 1787 2982 41
1838 2918 1980 2983 adn.
2023 2918 2066 2983 2
2109 2936 2171 2999 p.
2223 2917 2365 2999 128,
2433 2919 2548 2985 sed

304 3036 346 3086 a
389 3020 775 3089 Callimacho
841 3025 908 3086 et
971 3018 1372 3089 inferioribus
1388 3068 1407 3100 ,
1478 3040 1535 3087 V.
1581 3019 1852 3101 Meinek.
1920 3020 2003 3085 ad
2048 3018 2295 3102 Scymn.
2324 3006 2399 3102 p.
2446 3020 2547 3101 30,

304 3142 432 3189 una
497 3140 640 3189 cum
684 3123 997 3205 Synthetis
1066 3121 1351 3208 ἐζιιπαλι,
1423 3118 1916 3205 παλινόστιμος,
1981 3142 2037 3188 v.
2082 3122 2398 3189 Wernick.
2466 3124 2548 3189 ad

303 3210 538 3309 Tryph.
584 3244 644 3307 p.
692 3223 795 3305 30,
840 3242 1037 3307 quare
1078 3226 1198 3292 hoc
1239 3227 1449 3308 potius
1503 3244 1619 3308 pro
1662 3225 1868 3291 acciso
1911 3223 2291 3322 habendum,
2353 3244 2547 3306 quam

442 3480 498 3546 1)
521 3476 720 3533 Ἕνεκα
748 3477 1166 3552 Ἀπολλοδώρου
1216 3482 1402 3534 Isaeus
1454 3481 1633 3533 hered.
1669 3482 1841 3549 Apoll.
1896 3498 1947 3548 p.
1983 3476 2055 3535 07
2092 3479 2200 3546 (92.
2235 3480 2303 3535 37
2337 3481 2548 3550 Bekk.),

308 3566 469 3622 ἕνεκα
524 3565 836 3620 ἀπολέσθαι
886 3568 1014 3634 Lys.
1069 3586 1119 3635 p.
1172 3560 1401 3634 Polystr.
1447 3563 1550 3621 160
1603 3565 1743 3632 (328.
1778 3566 1888 3632 30),
1941 3568 2125 3621 εἵνεκα
2179 3565 2550 3635 ἐπεβουλεύθη

306 3656 513 3709 Andoc.
569 3654 634 3705 de
682 3653 844 3718 Myst.
882 3650 950 3707 15
984 3650 1128 3711 1117.
1167 3651 1307 3717 117),
1342 3650 1503 3707 ἕνεκα
1539 3648 1814 3724 &pupulus
1845 3655 1985 3707 Plat.
2020 3654 2157 3709 Tim.
2193 3655 2261 3708 47
2297 3656 2365 3709 D.
2434 3657 2548 3709 Iso-

304 3744 468 3796 cratis
505 3746 559 3792 et
592 3739 966 3792 Demosthenis
1003 3738 1148 3790 locos
1178 3740 1410 3809 ,corrigit
1442 3741 1695 3791 Benseler
1730 3741 1799 3791 ad
1832 3740 2024 3807 Areep.
2061 3738 2181 3793 351.

442 3840 499 3907 2)
534 3842 806 3909 Exemplis
834 3842 898 3891 in
932 3841 1090 3894 Thes.
1126 3842 1301 3894 allatis
1337 3842 1472 3894 adde
1507 3842 1736 3910 Appian.
1775 3843 1888 3896 Civ.
1922 3843 1951 3893 1
1982 3840 2099 3896 103.
2167 3843 2233 3896 In
2266 3843 2408 3896 hunc
2437 3858 2550 3896 non

310 3929 447 3980 cadit
484 3928 702 3979 Ionismi
739 3929 990 3993 suspiciO,
1026 3944 1183 4007 quam
1234 3928 1300 3978 de
1333 3927 1559 3979 Arriano
1594 3928 1743 3980 Alex.
1780 3929 1827 3980 V
1864 3926 1914 3982 l.
1953 3927 1981 3980 l
2035 3929 2340 3996 Kruegerus
2376 3930 2549 3994 infert,

311 4012 373 4065 de
406 4012 682 4065 Pausania
714 4011 741 4063 Ι
775 4008 862 4067 20.
897 4007 931 4062 2
971 4010 1208 4067 Siebelis.

434 4096 500 4165 ³3)
536 4087 734 4163 Αὖθις,
787 4087 936 4164 αὖθι,
994 4084 1163 4153 αὖθιν
1206 4098 1405 4173 τριχῶς
1438 4096 1653 4166 ἐλέγετο
1706 4099 1903 4152 Herod.
1939 4100 2008 4151 ad
2042 4098 2105 4152 11.
2141 4098 2267 4153 XVI
2302 4098 2422 4163 324,
2460 4101 2550 4166 qui

304 4166 475 4245 ἀἶὼς
503 4191 564 4236 et
597 4172 733 4236 αὖθι
768 4202 864 4251 pro
894 4188 1208 4253 synonymis
1259 4185 1457 4238 habere
1490 4185 1717 4241 videtur.
1800 4187 1907 4239 Pro
1954 4187 2069 4241 αῒίν
2101 4184 2435 4240 scribendum
2468 4182 2546 4237 vi-

308 4271 463 4327 doun·
498 4263 616 4325 αἶαν
648 4275 889 4327 aeoentu·
907 4272 1138 4328 Aeolion.
