2946 4928
430 338 548 404 DE
591 334 1076 420 erAansl,
1119 338 1523 405 omnnnffl
1565 345 1684 407 etc.
1750 340 1818 406 P.
1841 340 1891 407 1.
1938 341 2078 410 0.1.
2124 345 2178 430 §-
2211 345 2261 412 1.
2427 347 2469 413 5

233 508 351 584 tur,
400 503 486 568 ad
532 520 686 586 quos
727 502 835 569 ille
879 520 949 568 se
992 522 1116 569 non
1148 503 1431 583 demisit;
1477 505 1800 569 vocativus
1830 507 2027 571 semel
2050 508 2219 588 apud
2241 505 2475 577 Home·

230 625 368 672 rum
402 607 633 688 legitur
663 611 867 671 metro
901 607 1179 671 sancitus
1210 599 1396 688 ὄλβιε
1429 607 1745 689 Λαέρταο
1783 603 1916 673 πάϊ
1944 607 2060 674 Od.
2091 609 2305 677 XXIV
2337 612 2473 679 192.

230 708 437 791 Atque
481 729 606 774 non
648 709 774 774 alia
815 709 1060 774 ratione
1104 709 1558 774 nominativum
1603 711 1882 775 admittit
1923 710 2216 793 Wolfius;
2277 715 2473 782 Bent-
2577 789 2597 806 Ἀ

230 811 389 876 leius
432 830 601 893 vero,
645 811 1002 892 ubicunque
1037 830 1259 877 versus
1282 814 1540 894 patitur,
1588 813 1965 893 bisyllabum
1985 813 2282 894 praefert.
2337 817 2473 883 Has

231 914 587 980 criticorum
631 914 1056 980 dissensiones
1115 912 1491 994 Spitznerus
1537 915 1855 978 enarravit
1907 916 1974 978 in
2018 917 2321 997 singulari
2365 939 2472 985 ex-

234 1034 413 1081 cursu
436 1015 528 1082 VI
574 1017 657 1081 ad
701 1016 772 1080 L.
807 1016 890 1080 11.
981 1014 1107 1080 Sed
1153 1016 1443 1098 litigandi
1487 1014 1629 1080 finis
1674 1016 1880 1080 adhuc
1923 1017 2132 1082 nullus
2176 1026 2469 1101 repertus

230 1125 341 1200 est,
392 1139 467 1184 ac
510 1139 593 1185 ne
636 1120 826 1184 iidem
853 1119 1109 1201 quidem
1139 1137 1254 1200 per
1279 1119 1490 1183 omnia
1514 1123 1864 1200 sequuntur
1887 1119 2073 1191 idem.
2140 1120 2470 1190 Bekkerus

229 1242 347 1288 non
391 1223 598 1288 solum
640 1224 704 1287 in
748 1224 969 1304 quinta
1010 1221 1178 1286 thesi
1228 1218 1391 1297 πάϊς
1437 1210 1578 1308 εἴης
1620 1227 1686 1286 et
1708 1222 1810 1286 all.
1858 1220 1978 1305 (01..
2004 1222 2331 1291 Rossbach
2374 1246 2466 1309 gr.

88 1322 101 1335 “
152 1406 158 1411 ¹
229 1325 457 1391 Metrik
475 1346 538 1408 p.
563 1323 703 1407 24),
751 1325 865 1389 sed
893 1324 1088 1389 etiam
1128 1325 1195 1388 in
1217 1328 1462 1405 quarta,
1510 1325 1642 1388 sive
1673 1323 1960 1405 dactylus
1996 1327 2298 1407 sequitur,
2333 1329 2465 1394 sive

230 1429 539 1510 spondeus
587 1424 748 1503 πάϊς
780 1423 1092 1513 Ἡιονῆος
1137 1426 1210 1491 ΙΙ.
1232 1427 1292 1491 X
1323 1426 1467 1506 435,
1519 1423 1679 1504 πάϊς
1713 1422 2031 1512 ἡγήσαιτο
2066 1426 2181 1492 Od.
2209 1429 2300 1493 VI
2323 1429 2467 1512 300,

231 1532 419 1618 φίλος
443 1528 612 1607 πάϊς
633 1526 1024 1616 εἷλὴλοι-θεν
1045 1529 1198 1593 XVI
1219 1529 1363 1609 337,
1411 1529 1525 1594 sed
1555 1530 1950 1595 constantiae
1982 1530 2205 1595 solitae
2230 1531 2461 1597 oblitus

232 1639 381 1711 παῖς
419 1629 928 1719 Ἀμφιτρίεωνος
949 1631 1105 1696 ILV
1128 1629 1252 1696 392
1278 1627 1711 1716 [1111116 πάις],
1759 1638 1826 1696 et
1845 1631 2210 1699 Dindorfius
2254 1635 2467 1724 intuno

229 1737 354 1802 loco
375 1737 483 1801 illo
510 1735 834 1817 Odysseae
862 1738 1026 1811 παῗς
1050 1730 1461 1822 εἰλήλουθεν,
1507 1734 1572 1797 111
1596 1732 1796 1797 altero
1823 1731 1982 1810 πάϊς
2004 1731 2359 1820 ἧγήσαιτος
2401 1739 2468 1802 111

231 1840 478 1904 Hesiod.
504 1838 667 1920 Opp.
689 1836 773 1901 50
795 1855 910 1918 pro
935 1835 1045 1913 ἐῢς
1068 1832 1230 1912 πάϊς
1245 1831 1576 1901 Ἰαπετοῖο
1604 1837 1795 1901 tacite
1821 1841 1981 1914 παῖς
2006 1840 2365 1920 supposuit;
2400 1841 2467 1904 in

230 1942 539 2023 Apollonii
585 1940 870 2005 versibus
884 1989 899 2019 ‚
946 1958 1103 2020 quos
1148 1939 1547 2003 Wellauerus
1592 1940 1675 2004 ad
1718 1939 1752 2005 I
1796 1940 1920 2005 202
1965 1942 2230 2022 indicat,
2297 1940 2465 2006 Mer-

233 2044 428 2108 kelius
476 2042 788 2108 diastasin
829 2042 1108 2120 reduxit,
1177 2041 1524 2122 eademque
1569 2044 1915 2124 antiquitus
1957 2049 2216 2125 recepta
2259 2050 2360 2109 est
2400 2046 2466 2109 in

232 2142 435 2220 Quinti
478 2145 512 2209 I
557 2142 642 2208 98
686 2141 795 2221 ἐῢς
838 2140 993 2220 πάϊς
1031 2140 1391 2222 Ἠετίωνος
1452 2149 1520 2209 et
1577 2163 1766 2226 saepe
1824 2145 1992 2211 alibi.
2082 2146 2345 2212 Codices
2402 2152 2468 2213 et

231 2247 396 2312 editt.
439 2253 692 2313 veteres
735 2247 1106 2328 plerumque
1163 2247 1503 2327 dissident;
1573 2249 2124 2329 grammaticorum
2179 2251 2480 2316 testimo-‘

230 2350 393 2414 nium
408 2348 680 2416 nullum
725 2355 900 2414 extat
941 2354 1197 2431 praeter
1239 2349 1398 2414 illud
1427 2350 1635 2431 Etym.
1661 2348 1823 2414 Gud.
1848 2350 1992 2415 221.
2040 2350 2123 2416 26
2169 2350 2241 2418 ἐῖ·
2227 2377 2279 2431 ς
2303 2351 2466 2431 πάϊς

230 2447 464 2537 ἰδίωμα
512 2458 631 2541 τῆς
677 2449 977 2531 αἷολίδος
1023 2453 1368 2519 διαλέκτου
1413 2452 1578 2518 κατὰ
1614 2452 1944 2539 διαίρεσιν
1990 2452 2463 2578 ἐκφωνούμενα

232 2556 334 2621 καὶ
380 2553 457 2623 οὗ
495 2557 670 2623 κατὰ
715 2560 976 2641 κρᾶσιν·
1026 2555 1099 2621 τὸ
1147 2559 1272 2642 γὰρ
1319 2551 1428 2633 ἐΰς
1473 2581 1582 2633 avg
1626 2555 1803 2622 ἐστιν
1849 2551 1938 2634 ὡς
1981 2557 2057 2621 τὸ
2095 2556 2259 2636 πάις
2285 2563 2462 2637 παῖς.

230 2659 505 2726 Pertinet
549 2661 670 2725 hoc
714 2659 797 2723 ad
839 2659 910 2723 Il.
934 2656 1146 2723 11819
1194 2659 1303 2736 ἑὶς
1347 2656 1512 2736 πάις
1550 2654 1884 2743 Ἀγχίσαο,
1931 2661 2240 2740 quomodo
2263 2660 2462 2726 Bekk.

231 2762 420 2829 edidit
459 2782 577 2846 pro
620 2763 873 2844 vulgato
921 2765 1109 2843 παῖς,
1155 2762 1323 2842 quod
1369 2760 1737 2842 Spitznerus
1783 2766 1850 2826 et
1890 2760 2077 2827 Dind.
2123 2763 2461 2844 adoptave-

228 2871 386 2931 runt.
485 2867 585 2931 De
651 2865 1007 2947 principatu
1070 2865 1398 2945 utriusque
1462 2865 1635 2929 vocis
1690 2863 2139 2946 quaerentibus
2192 2864 2464 2929 technici

229 2967 386 3032 idem
429 2967 563 3034 fere
619 2968 1031 3048 respondent3
1089 2966 1489 3032 Herodianus
1548 2967 1626 3031 de
1674 2965 1880 3032 Genit.
1925 2984 2141 3049 parag.
2187 2964 2332 3031 238.
2378 2964 2462 3032 24

233 3069 302 3133 τὸ
348 3077 506 3148 παῖς
550 3096 621 3137 εκ
668 3075 786 3135 τοῦ
828 3069 1277 3157 βαρυνομέιου
1323 3067 1487 3146 πάις
1533 3069 1910 3157 συναλιφέν.
1990 3068 2461 3134 Choeroboscus

231 3170 369 3237 Gan.
419 3176 558 3240 173.
606 3172 689 3242 28
764 3159 947 3251 ὀξεῖα
1014 3171 1126 3238 καὶ
1188 3175 1426 3256 βαρεῖα
1495 3167 1592 3248 εἷς
1657 3172 2171 3258 περισπωμένην
2237 3171 2460 3258 συνέρ-

229 3298 471 3353 χονται,
542 3274 706 3353 πάϊς
774 3275 966 3355 παῖς,
1033 3274 1379 3354 eademque
1445 3275 1735 3355 opinione
1802 3275 2028 3339 ductus
2092 3275 2460 3354 Apollonius

229 3374 403 3442 Pron.
463 3377 602 3443 115.
666 3378 740 3445 13
808 3375 997 3455 πάϊς·
1039 3375 1281 3441 confert
1346 3394 1489 3439 cum
1557 3374 1807 3456 κοῖλος,
1891 3372 2129 3440 πλόϊον
2196 3376 2460 3456 aliisque

233 3478 487 3546 diaeresi
529 3480 785 3545 Aeolica
829 3477 1098 3558 affectis,
1173 3496 1363 3559 quam
1406 3498 1445 3541 a
1490 3478 1803 3543 communi
1849 3477 2120 3542 dialecto
2185 3480 2459 3544 secernit

230 3584 436 3664 regula
456 3585 536 3649 ab
559 3583 781 3647 eodem
800 3582 1037 3646 tradita
1060 3575 1382 3647 οὐδέποτε
1408 3576 1643 3647 efficia
1670 3578 2030 3660 διαλύεται,
2055 3600 2111 3646 V.
2136 3580 2402 3645 Elemm.
2426 3579 2459 3644 I

235 3700 289 3763 p.
330 3684 425 3751 60.
514 3685 674 3753 Cum
717 3685 842 3748 illis
886 3685 1079 3764 igitur
1124 3680 1289 3763 πάϊς
1346 3689 1608 3767 propter
1650 3682 2069 3766 frequentiam
2112 3700 2266 3748 usus
2313 3700 2456 3747 con-

233 3783 384 3852 ferre
437 3807 755 3866 veremur,
823 3787 937 3851 sed
990 3787 1199 3868 potius
1253 3787 1345 3851 ita
1404 3775 1771 3868 statuimuS‚
1850 3785 2126 3851 Graecos
2181 3785 2456 3851 cuiusvis

235 3889 422 3966 gentis
480 3895 547 3955 et
589 3890 817 3955 aetatis
858 3891 1089 3954 nomen
1132 3889 1291 3954 illud
1333 3909 1458 3955 non
1501 3908 1626 3954 uno
1670 3890 1855 3955 modo
1896 3888 2237 3971 protulisse
2258 3938 2273 3968 ,
2341 3887 2456 3951 sed

235 4006 526 4081 quemque
580 4011 695 4074 pro
741 3990 1229 4056 conformatione
1285 3993 1411 4056 oris
1425 4042 1441 4071 ,
1510 3992 1703 4057 alium
1735 3993 2051 4073 -pinguius
2095 3990 2454 4070 loquentem

236 4097 402 4170 παῖς,
449 4096 641 4159 alium
685 4093 1069 4175 diphthongo
1127 4095 1192 4158 in
1237 4095 1486 4170 vocales
1533 4112 1681 4158 suas
1729 4092 2068 4158 diffluente.
2161 4090 2451 4155 Commu-

235 4193 324 4258 nis
366 4198 611 4277 quidem
657 4215 861 4282 sermo
907 4195 1214 4278 disyllabo
1257 4196 1324 4259 in
1367 4200 1571 4260 totum
1616 4194 1919 4275 abstinet,
1964 4195 2087 4258 nisi
2131 4192 2293 4256 forte
2340 4207 2446 4270 ge-

235 4294 449 4375 nitivus
495 4300 756 4390 ⁷102!de
800 4317 877 4364 ex
925 4297 1188 4365 tto’l'dmv
1231 4303 1590 4364 contractus
1637 4303 1751 4381 est,
1805 4302 1878 4362 ut
1919 4295 2103 4376 vuigo
2149 4291 2451 4356 sumitur:
