<?xml version="1.0" encoding="UTF-8"?>
<!DOCTYPE html PUBLIC "-//W3C//DTD XHTML 1.0 Transitional//EN"
    "http://www.w3.org/TR/xhtml1/DTD/xhtml1-transitional.dtd">
<html xmlns="http://www.w3.org/1999/xhtml" xml:lang="en" lang="en">
 <head>
  <title>
</title>
<meta http-equiv="Content-Type" content="text/html;charset=utf-8" />
  <meta name='ocr-system' content='tesseract 3.04.00' />
  <meta name='ocr-capabilities' content='ocr_page ocr_carea ocr_par ocr_line ocrx_word'/>
</head>
<body>
  <div class='ocr_page' id='page_1' title='image "./pathologiaegrae02lobegoog_0041.png"; bbox 0 0 2946 4928; ppageno 0'>
   <div class='ocr_carea' id='block_1_1' title="bbox 462 310 2490 427">
    <p class='ocr_par' dir='ltr' id='par_1_1' title="bbox 462 310 2490 427">
     <span class='ocr_line' id='line_1_1' title="bbox 462 310 2490 427; baseline -0 -27"><span class='ocrx_word' id='word_1_1' title='bbox 462 335 579 400; x_wconf 83' lang='lat' dir='ltr'><strong>DE</strong></span> <span class='ocrx_word' id='word_1_2' title='bbox 625 332 1111 427; x_wconf 54' lang='lat' dir='ltr'><strong>smannnsn</strong></span> <span class='ocrx_word' id='word_1_3' title='bbox 1154 330 1559 400; x_wconf 78' lang='lat' dir='ltr'>DIAERESI</span> <span class='ocrx_word' id='word_1_4' title='bbox 1601 338 1718 399; x_wconf 73' lang='lat' dir='ltr'><strong>ete.</strong></span> <span class='ocrx_word' id='word_1_5' title='bbox 1786 331 1853 397; x_wconf 86' lang='lat' dir='ltr'><strong>P.</strong></span> <span class='ocrx_word' id='word_1_6' title='bbox 1877 331 1927 398; x_wconf 90' lang='lat'><strong>1.</strong></span> <span class='ocrx_word' id='word_1_7' title='bbox 1973 330 2043 399; x_wconf 88' lang='lat' dir='ltr'><strong>T.</strong></span> <span class='ocrx_word' id='word_1_8' title='bbox 2064 331 2114 398; x_wconf 80' lang='lat' dir='ltr'>L</span> <span class='ocrx_word' id='word_1_9' title='bbox 2160 333 2214 418; x_wconf 74' lang='lat'><strong>§-</strong></span> <span class='ocrx_word' id='word_1_10' title='bbox 2237 310 2296 398; x_wconf 72' lang='lat'><strong>5.</strong></span> <span class='ocrx_word' id='word_1_11' title='bbox 2406 331 2490 399; x_wconf 76' lang='lat'><strong>2⁵</strong></span> 
     </span>
    </p>
   </div>
   <div class='ocr_carea' id='block_1_2' title="bbox 168 492 2515 3226">
    <p class='ocr_par' dir='ltr' id='par_1_2' title="bbox 168 492 2515 3226">
     <span class='ocr_line' id='line_1_2' title="bbox 371 492 2498 577; baseline -0.001 -15"><span class='ocrx_word' id='word_1_12' title='bbox 371 557 381 570; x_wconf 85' lang='grc'><strong>,</strong></span> <span class='ocrx_word' id='word_1_13' title='bbox 433 495 516 563; x_wconf 92' lang='grc' dir='ltr'><strong>Π.</strong></span> <span class='ocrx_word' id='word_1_14' title='bbox 604 495 768 562; x_wconf 90' lang='lat' dir='ltr'><strong>Hinc</strong></span> <span class='ocrx_word' id='word_1_15' title='bbox 813 495 894 561; x_wconf 91' lang='lat' dir='ltr'><strong>ad</strong></span> <span class='ocrx_word' id='word_1_16' title='bbox 936 495 1226 562; x_wconf 88' lang='lat' dir='ltr'><strong>ultimum</strong></span> <span class='ocrx_word' id='word_1_17' title='bbox 1271 495 1454 577; x_wconf 88' lang='lat' dir='ltr'><strong>quasi</strong></span> <span class='ocrx_word' id='word_1_18' title='bbox 1496 493 1746 560; x_wconf 78' lang='lat' dir='ltr'><strong>fabulae</strong></span> <span class='ocrx_word' id='word_1_19' title='bbox 1789 498 2001 561; x_wconf 90' lang='lat' dir='ltr'><strong>actum</strong></span> <span class='ocrx_word' id='word_1_20' title='bbox 2045 492 2498 576; x_wconf 77' lang='lat' dir='ltr'><strong>progredimur,</strong></span> 
     </span>
     <span class='ocr_line' id='line_1_3' title="bbox 259 596 2502 684; baseline -0.003 -17"><span class='ocrx_word' id='word_1_21' title='bbox 259 601 326 667; x_wconf 90' lang='lat' dir='ltr'><strong>in</strong></span> <span class='ocrx_word' id='word_1_22' title='bbox 352 618 494 682; x_wconf 87' lang='lat' dir='ltr'><strong>quo</strong></span> <span class='ocrx_word' id='word_1_23' title='bbox 536 597 966 681; x_wconf 88' lang='lat' dir='ltr'><strong>producuntur</strong></span> <span class='ocrx_word' id='word_1_24' title='bbox 986 598 1234 664; x_wconf 85' lang='lat' dir='ltr'><strong>vocales</strong></span> <span class='ocrx_word' id='word_1_25' title='bbox 1259 596 1712 684; x_wconf 79' lang='lat' dir='ltr'><strong>diphthongum</strong></span> <span class='ocrx_word' id='word_1_26' title='bbox 1742 598 2140 679; x_wconf 75' lang='lat' dir='ltr'><strong>excipientes,</strong></span> <span class='ocrx_word' id='word_1_27' title='bbox 2194 596 2502 678; x_wconf 86' lang='lat' dir='ltr'><strong>Exempla</strong></span> 
     </span>
     <span class='ocr_line' id='line_1_4' title="bbox 262 687 2502 784; baseline -0.001 -16"><span class='ocrx_word' id='word_1_28' title='bbox 262 703 505 784; x_wconf 80' lang='lat' dir='ltr'><strong>aliquot</strong></span> <span class='ocrx_word' id='word_1_29' title='bbox 545 701 902 767; x_wconf 89' lang='lat' dir='ltr'><strong>huiusmodi</strong></span> <span class='ocrx_word' id='word_1_30' title='bbox 954 700 1246 783; x_wconf 86' lang='lat' dir='ltr'><strong>producit</strong></span> <span class='ocrx_word' id='word_1_31' title='bbox 1288 698 1758 765; x_wconf 86' lang='lat' dir='ltr'><strong>Choeroboscus</strong></span> <span class='ocrx_word' id='word_1_32' title='bbox 1813 698 1949 765; x_wconf 92' lang='lat' dir='ltr'><strong>loco</strong></span> <span class='ocrx_word' id='word_1_33' title='bbox 2004 700 2140 778; x_wconf 88' lang='lat' dir='ltr'><strong>illo,</strong></span> <span class='ocrx_word' id='word_1_34' title='bbox 2204 702 2346 781; x_wconf 81' lang='lat' dir='ltr'><strong>quo&#39;</strong></span> <span class='ocrx_word' id='word_1_35' title='bbox 2373 687 2502 778; x_wconf 81' lang='grc' dir='ltr'><strong><em>υἶις</em></strong></span> 
     </span>
     <span class='ocr_line' id='line_1_5' title="bbox 168 797 2502 886; baseline -0.002 -16"><span class='ocrx_word' id='word_1_36' title='bbox 168 875 183 885; x_wconf 39' lang='grc' dir='ltr'><em>Ι</em></span> <span class='ocrx_word' id='word_1_37' title='bbox 262 803 549 870; x_wconf 81' lang='lat' dir='ltr'><strong>contrahi</strong></span> <span class='ocrx_word' id='word_1_38' title='bbox 592 807 784 885; x_wconf 80' lang='lat' dir='ltr'><strong>negat</strong></span> <span class='ocrx_word' id='word_1_39' title='bbox 850 801 998 868; x_wconf 80' lang='grc' dir='ltr'><strong><em>ἐπεὶ</em></strong></span> <span class='ocrx_word' id='word_1_40' title='bbox 1055 797 1382 871; x_wconf 79' lang='grc' dir='ltr'><strong><em>οὐδέποτε</em></strong></span> <span class='ocrx_word' id='word_1_41' title='bbox 1436 800 1607 883; x_wconf 76' lang='grc' dir='ltr'><strong>μετὰ</strong></span> <span class='ocrx_word' id='word_1_42' title='bbox 1667 801 1781 883; x_wconf 73' lang='grc' dir='ltr'><strong>τὴν</strong></span> <span class='ocrx_word' id='word_1_43' title='bbox 1826 805 1884 871; x_wconf 62' lang='lat' dir='ltr'><strong>{Ta</strong></span> <span class='ocrx_word' id='word_1_44' title='bbox 1929 799 2297 886; x_wconf 77' lang='grc' dir='ltr'><em>δίφθογγον</em></span> <span class='ocrx_word' id='word_1_45' title='bbox 2341 797 2502 884; x_wconf 79' lang='grc' dir='ltr'>σύμ-</span> 
     </span>
     <span class='ocr_line' id='line_1_6' title="bbox 262 898 2502 992; baseline -0.003 -20"><span class='ocrx_word' id='word_1_46' title='bbox 262 928 489 992; x_wconf 67' lang='grc' dir='ltr'><em>φωνον</em></span> <span class='ocrx_word' id='word_1_47' title='bbox 554 899 929 991; x_wconf 72' lang='grc' dir='ltr'><strong><em>εὖρίσκεται</em></strong></span> <span class='ocrx_word' id='word_1_48' title='bbox 1006 899 1202 987; x_wconf 77' lang='grc' dir='ltr'>(ἀλλὰ</span> <span class='ocrx_word' id='word_1_49' title='bbox 1275 898 1481 988; x_wconf 76' lang='grc' dir='ltr'><strong><em>μόνον</em></strong></span> <span class='ocrx_word' id='word_1_50' title='bbox 1546 900 2036 988; x_wconf 75' lang='grc' dir='ltr'><strong><em>ἐπιφερομένου</em></strong></span> <span class='ocrx_word' id='word_1_51' title='bbox 2102 899 2502 989; x_wconf 75' lang='grc' dir='ltr'>φωνήεντος)</span> 
     </span>
     <span class='ocr_line' id='line_1_7' title="bbox 263 997 2502 1092; baseline -0.002 -19"><span class='ocrx_word' id='word_1_52' title='bbox 263 997 411 1074; x_wconf 77' lang='grc' dir='ltr'><strong><em>οἷον</em></strong></span> <span class='ocrx_word' id='word_1_53' title='bbox 442 1002 760 1092; x_wconf 76' lang='grc' dir='ltr'><strong><em>“4ρπυια,</em></strong></span> <span class='ocrx_word' id='word_1_54' title='bbox 802 1008 985 1089; x_wconf 82' lang='grc' dir='ltr'><strong><em>μυῖα,</em></strong></span> <span class='ocrx_word' id='word_1_55' title='bbox 1030 1001 1172 1083; x_wconf 74' lang='grc' dir='ltr'><strong><em>υἱός</em></strong></span> <span class='ocrx_word' id='word_1_56' title='bbox 1215 1006 1293 1071; x_wconf 87' lang='lat' dir='ltr'><strong>de</strong></span> <span class='ocrx_word' id='word_1_57' title='bbox 1329 1003 1480 1071; x_wconf 90' lang='lat' dir='ltr'><strong>Ton.</strong></span> <span class='ocrx_word' id='word_1_58' title='bbox 1504 1003 1649 1070; x_wconf 76' lang='lat'><strong>409.</strong></span> <span class='ocrx_word' id='word_1_59' title='bbox 1682 1004 1722 1068; x_wconf 83' lang='lat'><strong>2</strong></span> <span class='ocrx_word' id='word_1_60' title='bbox 1768 1007 1835 1067; x_wconf 83' lang='lat' dir='ltr'><strong>et</strong></span> <span class='ocrx_word' id='word_1_61' title='bbox 1870 1003 2052 1085; x_wconf 82' lang='lat' dir='ltr'><strong>paria</strong></span> <span class='ocrx_word' id='word_1_62' title='bbox 2079 1003 2242 1069; x_wconf 86' lang='lat' dir='ltr'><strong>Dict.</strong></span> <span class='ocrx_word' id='word_1_63' title='bbox 2278 1003 2397 1069; x_wconf 82' lang='lat'><strong>781</strong></span> <span class='ocrx_word' id='word_1_64' title='bbox 2428 1003 2502 1086; x_wconf 81' lang='lat'><strong>⁴).</strong></span> 
     </span>
     <span class='ocr_line' id='line_1_8' title="bbox 264 1106 2503 1175; baseline -0.001 -1"><span class='ocrx_word' id='word_1_65' title='bbox 264 1108 395 1175; x_wconf 87' lang='lat' dir='ltr'><strong>Sed</strong></span> <span class='ocrx_word' id='word_1_66' title='bbox 435 1107 599 1174; x_wconf 88' lang='lat' dir='ltr'><strong>hanc</strong></span> <span class='ocrx_word' id='word_1_67' title='bbox 641 1107 969 1172; x_wconf 88' lang='lat' dir='ltr'><strong>literarum</strong></span> <span class='ocrx_word' id='word_1_68' title='bbox 1011 1107 1392 1173; x_wconf 90' lang='lat' dir='ltr'><strong>iunctionem</strong></span> <span class='ocrx_word' id='word_1_69' title='bbox 1436 1106 1718 1171; x_wconf 88' lang='lat' dir='ltr'><strong>nonnulli</strong></span> <span class='ocrx_word' id='word_1_70' title='bbox 1762 1107 2137 1172; x_wconf 80' lang='lat' dir='ltr'><strong>morosiores</strong></span> <span class='ocrx_word' id='word_1_71' title='bbox 2180 1120 2503 1171; x_wconf 82' lang='lat' dir='ltr'><strong>removere</strong></span> 
     </span>
     <span class='ocr_line' id='line_1_9' title="bbox 263 1207 2505 1290; baseline -0.003 -12"><span class='ocrx_word' id='word_1_72' title='bbox 263 1210 475 1278; x_wconf 90' lang='lat' dir='ltr'><strong>conati</strong></span> <span class='ocrx_word' id='word_1_73' title='bbox 519 1213 673 1274; x_wconf 89' lang='lat' dir='ltr'><strong>sunt</strong></span> <span class='ocrx_word' id='word_1_74' title='bbox 734 1207 834 1274; x_wconf 88' lang='lat' dir='ltr'><strong>vel</strong></span> <span class='ocrx_word' id='word_1_75' title='bbox 901 1208 1267 1275; x_wconf 84' lang='lat' dir='ltr'><strong>discissione</strong></span> <span class='ocrx_word' id='word_1_76' title='bbox 1332 1209 1435 1274; x_wconf 86' lang='lat' dir='ltr'><strong>vel</strong></span> <span class='ocrx_word' id='word_1_77' title='bbox 1500 1208 1870 1275; x_wconf 82' lang='lat' dir='ltr'><strong>exemtione.</strong></span> <span class='ocrx_word' id='word_1_78' title='bbox 1969 1208 2152 1273; x_wconf 92' lang='lat' dir='ltr'><strong>Illam</strong></span> <span class='ocrx_word' id='word_1_79' title='bbox 2206 1207 2505 1290; x_wconf 88' lang='lat' dir='ltr'><strong>reprobat</strong></span> 
     </span>
     <span class='ocr_line' id='line_1_10' title="bbox 262 1309 2505 1394; baseline -0.001 -17"><span class='ocrx_word' id='word_1_80' title='bbox 262 1311 667 1378; x_wconf 87' lang='lat' dir='ltr'><strong>Herodianus</strong></span> <span class='ocrx_word' id='word_1_81' title='bbox 711 1309 966 1389; x_wconf 85' lang='lat' dir='ltr'><strong>Quaest.</strong></span> <span class='ocrx_word' id='word_1_82' title='bbox 1009 1311 1077 1376; x_wconf 91' lang='lat' dir='ltr'><strong>in</strong></span> <span class='ocrx_word' id='word_1_83' title='bbox 1121 1310 1327 1376; x_wconf 82' lang='lat' dir='ltr'><strong>Cram.</strong></span> <span class='ocrx_word' id='word_1_84' title='bbox 1350 1309 1585 1377; x_wconf 89' lang='lat' dir='ltr'><strong>Anecd.</strong></span> <span class='ocrx_word' id='word_1_85' title='bbox 1619 1310 1687 1376; x_wconf 93' lang='lat' dir='ltr'><strong>T.</strong></span> <span class='ocrx_word' id='word_1_86' title='bbox 1710 1310 1953 1377; x_wconf 82' lang='lat'>111251</span> <span class='ocrx_word' id='word_1_87' title='bbox 2005 1311 2505 1394; x_wconf 76' lang='grc' dir='ltr'><em>πλημμελοῦσιν</em></span> 
     </span>
     <span class='ocr_line' id='line_1_11' title="bbox 265 1409 2503 1500; baseline 0 -21"><span class='ocrx_word' id='word_1_88' title='bbox 265 1410 327 1480; x_wconf 72' lang='grc' dir='ltr'><strong>οἱ</strong></span> <span class='ocrx_word' id='word_1_89' title='bbox 378 1416 786 1500; x_wconf 76' lang='grc' dir='ltr'><em>διαιροῦντες</em></span> <span class='ocrx_word' id='word_1_90' title='bbox 830 1411 905 1478; x_wconf 81' lang='grc' dir='ltr'><strong>τὸ</strong></span> <span class='ocrx_word' id='word_1_91' title='bbox 950 1410 1134 1496; x_wconf 75' lang='grc' dir='ltr'><strong><em>μυΐα,</em></strong></span> <span class='ocrx_word' id='word_1_92' title='bbox 1181 1409 1353 1491; x_wconf 78' lang='grc' dir='ltr'><em>ὓΐός·</em></span> <span class='ocrx_word' id='word_1_93' title='bbox 1399 1411 1473 1479; x_wconf 80' lang='grc' dir='ltr'><strong>τὸ</strong></span> <span class='ocrx_word' id='word_1_94' title='bbox 1522 1413 1707 1498; x_wconf 75' lang='grc' dir='ltr'><strong>γᾶρῖ</strong></span> <span class='ocrx_word' id='word_1_95' title='bbox 1743 1412 1911 1495; x_wconf 80' lang='grc' dir='ltr'><em>μετὰ</em></span> <span class='ocrx_word' id='word_1_96' title='bbox 1960 1409 2503 1495; x_wconf 67' lang='grc' dir='ltr'><strong>τοῦῖταττόμε-</strong></span> 
     </span>
     <span class='ocr_line' id='line_1_12' title="bbox 265 1508 2507 1603; baseline -0.001 -21"><span class='ocrx_word' id='word_1_97' title='bbox 265 1540 376 1582; x_wconf 68' lang='grc' dir='ltr'><strong>νον</strong></span> <span class='ocrx_word' id='word_1_98' title='bbox 423 1510 753 1582; x_wconf 75' lang='grc' dir='ltr'><em>οὗὸέποτε</em></span> <span class='ocrx_word' id='word_1_99' title='bbox 800 1515 1179 1603; x_wconf 76' lang='grc' dir='ltr'><strong><em>διαιρεῖται,</em></strong></span> <span class='ocrx_word' id='word_1_100' title='bbox 1229 1510 1399 1581; x_wconf 74' lang='grc' dir='ltr'><strong>ἀλλὰ</strong></span> <span class='ocrx_word' id='word_1_101' title='bbox 1448 1518 1625 1602; x_wconf 65' lang='grc' dir='ltr'><strong>τῷἳῖ</strong></span> <span class='ocrx_word' id='word_1_102' title='bbox 1657 1518 2203 1601; x_wconf 76' lang='grc' dir='ltr'><strong><em>συνεκφωνεῖται·</em></strong></span> <span class='ocrx_word' id='word_1_103' title='bbox 2273 1508 2507 1580; x_wconf 63' lang='grc' dir='ltr'><strong><em>οὐκοῦν</em></strong></span> 
     </span>
     <span class='ocr_line' id='line_1_13' title="bbox 266 1612 2508 1703; baseline -0.002 -19"><span class='ocrx_word' id='word_1_104' title='bbox 266 1613 544 1693; x_wconf 75' lang='grc' dir='ltr'><strong><em>αἶ’θυια,</em></strong></span> <span class='ocrx_word' id='word_1_105' title='bbox 597 1612 897 1703; x_wconf 64' lang='grc' dir='ltr'><strong><em>’Ἅρπυια</em></strong></span> <span class='ocrx_word' id='word_1_106' title='bbox 947 1613 1374 1702; x_wconf 79' lang='grc' dir='ltr'><strong><em>τρισύλλαβα,</em></strong></span> <span class='ocrx_word' id='word_1_107' title='bbox 1404 1620 1567 1700; x_wconf 79' lang='grc' dir='ltr'><strong><em>μυῖα</em></strong></span> <span class='ocrx_word' id='word_1_108' title='bbox 1625 1615 1697 1682; x_wconf 73' lang='grc' dir='ltr'><strong>δὲ</strong></span> <span class='ocrx_word' id='word_1_109' title='bbox 1755 1617 1867 1682; x_wconf 84' lang='grc' dir='ltr'><strong>καὶ</strong></span> <span class='ocrx_word' id='word_1_110' title='bbox 1924 1612 2066 1693; x_wconf 75' lang='grc' dir='ltr'><strong><em>υἱός</em></strong></span> <span class='ocrx_word' id='word_1_111' title='bbox 2120 1613 2508 1699; x_wconf 67' lang='grc' dir='ltr'><strong><em>δισύλλαβα,</em></strong></span> 
     </span>
     <span class='ocr_line' id='line_1_14' title="bbox 264 1716 2508 1800; baseline -0 -15"><span class='ocrx_word' id='word_1_112' title='bbox 264 1720 560 1800; x_wconf 88' lang='lat' dir='ltr'><strong>idemque</strong></span> <span class='ocrx_word' id='word_1_113' title='bbox 605 1716 884 1787; x_wconf 86' lang='lat' dir='ltr'><strong>sentiens</strong></span> <span class='ocrx_word' id='word_1_114' title='bbox 928 1717 1117 1784; x_wconf 88' lang='lat' dir='ltr'><strong>schol.</strong></span> <span class='ocrx_word' id='word_1_115' title='bbox 1162 1718 1343 1784; x_wconf 90' lang='lat' dir='ltr'><strong>Dion.</strong></span> <span class='ocrx_word' id='word_1_116' title='bbox 1388 1716 1535 1782; x_wconf 82' lang='lat'>802.</span> <span class='ocrx_word' id='word_1_117' title='bbox 1582 1717 1620 1783; x_wconf 84' lang='lat'><strong>3</strong></span> <span class='ocrx_word' id='word_1_118' title='bbox 1678 1716 2084 1798; x_wconf 88' lang='lat' dir='ltr'><strong>reprehendit</strong></span> <span class='ocrx_word' id='word_1_119' title='bbox 2125 1735 2233 1782; x_wconf 88' lang='lat' dir='ltr'><strong>eos</strong></span> <span class='ocrx_word' id='word_1_120' title='bbox 2289 1718 2398 1799; x_wconf 92' lang='lat' dir='ltr'><strong>qui</strong></span> <span class='ocrx_word' id='word_1_121' title='bbox 2441 1717 2508 1784; x_wconf 79' lang='grc' dir='ltr'><strong>ἐν</strong></span> 
     </span>
     <span class='ocr_line' id='line_1_15' title="bbox 265 1814 2506 1907; baseline -0 -21"><span class='ocrx_word' id='word_1_122' title='bbox 265 1825 359 1907; x_wconf 76' lang='grc' dir='ltr'><strong>τῷ</strong></span> <span class='ocrx_word' id='word_1_123' title='bbox 406 1825 588 1902; x_wconf 82' lang='grc' dir='ltr'><strong><em>μυῖα,</em></strong></span> <span class='ocrx_word' id='word_1_124' title='bbox 633 1814 775 1897; x_wconf 74' lang='grc' dir='ltr'><strong><em>υἱός</em></strong></span> <span class='ocrx_word' id='word_1_125' title='bbox 818 1817 893 1884; x_wconf 79' lang='grc' dir='ltr'><strong>τὸ</strong></span> <span class='ocrx_word' id='word_1_126' title='bbox 924 1823 964 1889; x_wconf 76' lang='grc' dir='ltr'>ἶ</span> <span class='ocrx_word' id='word_1_127' title='bbox 1000 1818 1472 1907; x_wconf 78' lang='grc' dir='ltr'><strong><em>περιστίζυυσι.</em></strong></span> <span class='ocrx_word' id='word_1_128' title='bbox 1562 1819 1771 1901; x_wconf 82' lang='lat' dir='ltr'><strong>Atque</strong></span> <span class='ocrx_word' id='word_1_129' title='bbox 1813 1818 1933 1884; x_wconf 84' lang='lat' dir='ltr'><strong>hoc</strong></span> <span class='ocrx_word' id='word_1_130' title='bbox 1974 1820 2160 1884; x_wconf 85' lang='lat' dir='ltr'><strong>modo</strong></span> <span class='ocrx_word' id='word_1_131' title='bbox 2206 1817 2296 1883; x_wconf 86' lang='lat' dir='ltr'><strong>Cl.</strong></span> <span class='ocrx_word' id='word_1_132' title='bbox 2327 1819 2506 1885; x_wconf 87' lang='lat' dir='ltr'><strong>Ruti-</strong></span> 
     </span>
     <span class='ocr_line' id='line_1_16' title="bbox 267 1920 2507 2008; baseline 0.001 -21"><span class='ocrx_word' id='word_1_133' title='bbox 267 1923 393 1987; x_wconf 91' lang='lat' dir='ltr'><strong>lius</strong></span> <span class='ocrx_word' id='word_1_134' title='bbox 449 1922 875 1987; x_wconf 83' lang='lat' dir='ltr'><strong>accusativum</strong></span> <span class='ocrx_word' id='word_1_135' title='bbox 928 1920 1260 2008; x_wconf 56' lang='lat' dir='ltr'><strong>Harpyias</strong></span> <span class='ocrx_word' id='word_1_136' title='bbox 1323 1923 1391 1987; x_wconf 92' lang='lat' dir='ltr'><strong>in</strong></span> <span class='ocrx_word' id='word_1_137' title='bbox 1455 1921 1629 1987; x_wconf 88' lang='lat' dir='ltr'><strong>exitu</strong></span> <span class='ocrx_word' id='word_1_138' title='bbox 1693 1922 2075 2003; x_wconf 82' lang='lat' dir='ltr'><strong>pentametri</strong></span> <span class='ocrx_word' id='word_1_139' title='bbox 2136 1920 2402 2003; x_wconf 79' lang='lat' dir='ltr'><strong>posuit„</strong></span> <span class='ocrx_word' id='word_1_140' title='bbox 2451 1942 2507 1989; x_wconf 82' lang='lat' dir='ltr'><strong>v.</strong></span> 
     </span>
     <span class='ocr_line' id='line_1_17' title="bbox 270 2022 2509 2107; baseline 0 -17"><span class='ocrx_word' id='word_1_141' title='bbox 270 2023 633 2090; x_wconf 87' lang='lat' dir='ltr'><strong>Schneider.</strong></span> <span class='ocrx_word' id='word_1_142' title='bbox 679 2023 957 2090; x_wconf 87' lang='lat' dir='ltr'><strong>Gramm.</strong></span> <span class='ocrx_word' id='word_1_143' title='bbox 988 2024 1022 2090; x_wconf 94' lang='lat' dir='ltr'>I</span> <span class='ocrx_word' id='word_1_144' title='bbox 1043 2023 1226 2100; x_wconf 64' lang='lat'><strong>287„</strong></span> <span class='ocrx_word' id='word_1_145' title='bbox 1273 2023 1567 2105; x_wconf 91' lang='lat' dir='ltr'><strong>Plerique</strong></span> <span class='ocrx_word' id='word_1_146' title='bbox 1608 2042 1759 2089; x_wconf 84' lang='lat' dir='ltr'><strong>vero</strong></span> <span class='ocrx_word' id='word_1_147' title='bbox 1803 2024 1869 2088; x_wconf 91' lang='lat' dir='ltr'><strong>id</strong></span> <span class='ocrx_word' id='word_1_148' title='bbox 1909 2040 1989 2088; x_wconf 90' lang='lat' dir='ltr'><strong>ne</strong></span> <span class='ocrx_word' id='word_1_149' title='bbox 2034 2022 2223 2088; x_wconf 90' lang='lat' dir='ltr'><strong>scribi</strong></span> <span class='ocrx_word' id='word_1_150' title='bbox 2255 2024 2509 2107; x_wconf 88' lang='lat' dir='ltr'><strong>quidem</strong></span> 
     </span>
     <span class='ocr_line' id='line_1_18' title="bbox 269 2120 2507 2212; baseline 0 -20"><span class='ocrx_word' id='word_1_151' title='bbox 269 2126 350 2192; x_wconf 81' lang='lat' dir='ltr'><strong>ab</strong></span> <span class='ocrx_word' id='word_1_152' title='bbox 382 2125 672 2191; x_wconf 83' lang='lat' dir='ltr'><strong>omnibus</strong></span> <span class='ocrx_word' id='word_1_153' title='bbox 693 2128 980 2192; x_wconf 81' lang='lat' dir='ltr'><strong>tradunt:</strong></span> <span class='ocrx_word' id='word_1_154' title='bbox 1035 2126 1116 2192; x_wconf 81' lang='grc' dir='ltr'><strong>τὰ</strong></span> <span class='ocrx_word' id='word_1_155' title='bbox 1174 2122 1267 2205; x_wconf 82' lang='grc' dir='ltr'><strong>εἷς</strong></span> <span class='ocrx_word' id='word_1_156' title='bbox 1309 2120 1753 2212; x_wconf 49' lang='grc' dir='ltr'><strong>ῖὶἆρἡοντα</strong></span> <span class='ocrx_word' id='word_1_157' title='bbox 1801 2121 1919 2192; x_wconf 72' lang='grc' dir='ltr'><strong>δύο</strong></span> <span class='ocrx_word' id='word_1_158' title='bbox 1967 2122 2163 2202; x_wconf 72' lang='grc' dir='ltr'><strong><em>ἐστὶν,</em></strong></span> <span class='ocrx_word' id='word_1_159' title='bbox 2210 2121 2353 2204; x_wconf 83' lang='grc' dir='ltr'><strong><em>υὶός</em></strong></span> <span class='ocrx_word' id='word_1_160' title='bbox 2397 2126 2507 2192; x_wconf 85' lang='grc' dir='ltr'><strong>καὶ</strong></span> 
     </span>
     <span class='ocr_line' id='line_1_19' title="bbox 271 2219 2509 2315; baseline -0 -21"><span class='ocrx_word' id='word_1_161' title='bbox 271 2223 479 2313; x_wconf 78' lang='grc' dir='ltr'><strong><em>γυιάς·</em></strong></span> <span class='ocrx_word' id='word_1_162' title='bbox 526 2230 732 2293; x_wconf 76' lang='grc' dir='ltr'><em>ταῦτα</em></span> <span class='ocrx_word' id='word_1_163' title='bbox 756 2227 828 2295; x_wconf 75' lang='grc' dir='ltr'><strong>δὲ</strong></span> <span class='ocrx_word' id='word_1_164' title='bbox 853 2222 1213 2294; x_wconf 63' lang='grc' dir='ltr'><strong><em>οἷ’Λττικοὶ</em></strong></span> <span class='ocrx_word' id='word_1_165' title='bbox 1240 2219 1396 2294; x_wconf 62' lang='grc' dir='ltr'><strong>ἄνευ</strong></span> <span class='ocrx_word' id='word_1_166' title='bbox 1420 2232 1538 2295; x_wconf 85' lang='grc' dir='ltr'><strong>τοῦ</strong></span> <span class='ocrx_word' id='word_1_167' title='bbox 1568 2230 1598 2297; x_wconf 69' lang='lat' dir='ltr'><em>I</em></span> <span class='ocrx_word' id='word_1_168' title='bbox 1625 2225 1958 2315; x_wconf 79' lang='grc' dir='ltr'><strong><em>γράφουσι</em></strong></span> <span class='ocrx_word' id='word_1_169' title='bbox 1982 2225 2255 2309; x_wconf 82' lang='lat' dir='ltr'><strong>Theogn.</strong></span> <span class='ocrx_word' id='word_1_170' title='bbox 2278 2224 2380 2292; x_wconf 91' lang='grc'><strong>49.</strong></span> <span class='ocrx_word' id='word_1_171' title='bbox 2404 2226 2509 2309; x_wconf 86' lang='lat'><strong>30,</strong></span> 
     </span>
     <span class='ocr_line' id='line_1_20' title="bbox 272 2324 2505 2417; baseline 0 -21"><span class='ocrx_word' id='word_1_172' title='bbox 272 2329 502 2412; x_wconf 89' lang='lat' dir='ltr'><strong>quibus</strong></span> <span class='ocrx_word' id='word_1_173' title='bbox 544 2327 808 2394; x_wconf 92' lang='lat' dir='ltr'><strong>Photius</strong></span> <span class='ocrx_word' id='word_1_174' title='bbox 853 2328 1137 2410; x_wconf 84' lang='lat' dir='ltr'><strong>adiungit</strong></span> <span class='ocrx_word' id='word_1_175' title='bbox 1178 2328 1478 2395; x_wconf 86' lang='lat' dir='ltr'><strong>feminina</strong></span> <span class='ocrx_word' id='word_1_176' title='bbox 1518 2335 1658 2413; x_wconf 83' lang='grc' dir='ltr'><strong>μῦα</strong></span> <span class='ocrx_word' id='word_1_177' title='bbox 1711 2329 1819 2397; x_wconf 80' lang='grc' dir='ltr'><strong>καὶ</strong></span> <span class='ocrx_word' id='word_1_178' title='bbox 1865 2324 2193 2417; x_wconf 75' lang='grc' dir='ltr'><strong><em>γράφεται</em></strong></span> <span class='ocrx_word' id='word_1_179' title='bbox 2241 2329 2350 2396; x_wconf 81' lang='grc' dir='ltr'><strong>καὶ</strong></span> <span class='ocrx_word' id='word_1_180' title='bbox 2398 2329 2505 2396; x_wconf 84' lang='grc' dir='ltr'><strong>λέ-</strong></span> 
     </span>
     <span class='ocr_line' id='line_1_21' title="bbox 272 2422 2509 2519; baseline -0.001 -20"><span class='ocrx_word' id='word_1_181' title='bbox 272 2456 460 2519; x_wconf 78' lang='grc' dir='ltr'><strong><em>γεται</em></strong></span> <span class='ocrx_word' id='word_1_182' title='bbox 508 2422 664 2506; x_wconf 68' lang='grc' dir='ltr'><strong>ἄνευ</strong></span> <span class='ocrx_word' id='word_1_183' title='bbox 709 2433 829 2498; x_wconf 83' lang='grc' dir='ltr'><strong>τοῦ</strong></span> <span class='ocrx_word' id='word_1_184' title='bbox 875 2432 912 2500; x_wconf 76' lang='grc' dir='ltr'><strong>ι’</strong></span> <span class='ocrx_word' id='word_1_185' title='bbox 939 2433 1050 2497; x_wconf 79' lang='grc' dir='ltr'><strong>καὶ</strong></span> <span class='ocrx_word' id='word_1_186' title='bbox 1106 2427 1538 2516; x_wconf 74' lang='grc' dir='ltr'><strong><em>δισυλλάβως,</em></strong></span> <span class='ocrx_word' id='word_1_187' title='bbox 1580 2431 1764 2519; x_wconf 78' lang='grc' dir='ltr'><strong><em>παρὰ</em></strong></span> <span class='ocrx_word' id='word_1_188' title='bbox 1820 2435 1950 2497; x_wconf 78' lang='grc' dir='ltr'><strong>τῶν</strong></span> <span class='ocrx_word' id='word_1_189' title='bbox 1987 2426 2324 2511; x_wconf 72' lang='grc' dir='ltr'><strong><em>Ἀττικῶν,</em></strong></span> <span class='ocrx_word' id='word_1_190' title='bbox 2390 2430 2509 2497; x_wconf 88' lang='lat' dir='ltr'><strong>Zo-</strong></span> 
     </span>
     <span class='ocr_line' id='line_1_22' title="bbox 277 2523 2515 2621; baseline -0 -20"><span class='ocrx_word' id='word_1_191' title='bbox 277 2551 469 2601; x_wconf 83' lang='lat' dir='ltr'><strong>naras</strong></span> <span class='ocrx_word' id='word_1_192' title='bbox 512 2527 845 2615; x_wconf 84' lang='lat' dir='ltr'><strong>pa‘rticipia</strong></span> <span class='ocrx_word' id='word_1_193' title='bbox 890 2528 1205 2620; x_wconf 70' lang='grc' dir='ltr'><strong><em>ἑστηκῖα,</em></strong></span> <span class='ocrx_word' id='word_1_194' title='bbox 1262 2538 1593 2621; x_wconf 68' lang='grc' dir='ltr'><strong><em>τειυφῧα,</em></strong></span> <span class='ocrx_word' id='word_1_195' title='bbox 1639 2534 1723 2599; x_wconf 91' lang='lat' dir='ltr'><strong>ad</strong></span> <span class='ocrx_word' id='word_1_196' title='bbox 1764 2534 1993 2615; x_wconf 85' lang='lat' dir='ltr'><strong>Phryn.</strong></span> <span class='ocrx_word' id='word_1_197' title='bbox 2037 2531 2220 2615; x_wconf 77' lang='lat'><strong>40⁸).</strong></span> <span class='ocrx_word' id='word_1_198' title='bbox 2306 2523 2515 2615; x_wconf 85' lang='lat' dir='ltr'><strong>Atque</strong></span> 
     </span>
     <span class='ocr_line' id='line_1_23' title="bbox 271 2633 2512 2717; baseline -0.002 -12"><span class='ocrx_word' id='word_1_199' title='bbox 271 2637 439 2705; x_wconf 89' lang='lat' dir='ltr'><strong>hanc</strong></span> <span class='ocrx_word' id='word_1_200' title='bbox 483 2636 862 2716; x_wconf 87' lang='lat' dir='ltr'><strong>scripturam</strong></span> <span class='ocrx_word' id='word_1_201' title='bbox 896 2635 1263 2717; x_wconf 58' lang='lat' dir='ltr'><strong>‘aliquando</strong></span> <span class='ocrx_word' id='word_1_202' title='bbox 1326 2654 1444 2717; x_wconf 91' lang='lat' dir='ltr'><strong>per</strong></span> <span class='ocrx_word' id='word_1_203' title='bbox 1506 2636 1687 2701; x_wconf 91' lang='lat' dir='ltr'><strong>ludos</strong></span> <span class='ocrx_word' id='word_1_204' title='bbox 1750 2634 2066 2702; x_wconf 89' lang='lat' dir='ltr'><strong>literarios</strong></span> <span class='ocrx_word' id='word_1_205' title='bbox 2128 2633 2512 2716; x_wconf 82' lang='lat' dir='ltr'><strong>divulgatam</strong></span> 
     </span>
     <span class='ocr_line' id='line_1_24' title="bbox 273 2735 2512 2826; baseline -0 -22"><span class='ocrx_word' id='word_1_206' title='bbox 273 2742 466 2820; x_wconf 86' lang='lat' dir='ltr'><strong>atque</strong></span> <span class='ocrx_word' id='word_1_207' title='bbox 533 2738 727 2802; x_wconf 88' lang='lat' dir='ltr'><strong>etiam</strong></span> <span class='ocrx_word' id='word_1_208' title='bbox 802 2738 959 2803; x_wconf 87' lang='lat' dir='ltr'><strong>actis</strong></span> <span class='ocrx_word' id='word_1_209' title='bbox 1028 2738 1294 2820; x_wconf 90' lang='lat' dir='ltr'><strong>publicis</strong></span> <span class='ocrx_word' id='word_1_210' title='bbox 1362 2740 1884 2826; x_wconf 85' lang='lat' dir='ltr'><strong>communicatam</strong></span> <span class='ocrx_word' id='word_1_211' title='bbox 1948 2735 2143 2802; x_wconf 82' lang='lat' dir='ltr'><strong>fuisse</strong></span> <span class='ocrx_word' id='word_1_212' title='bbox 2208 2739 2512 2803; x_wconf 88' lang='lat' dir='ltr'><strong>testatum</strong></span> 
     </span>
     <span class='ocr_line' id='line_1_25' title="bbox 270 2835 2510 2927; baseline -0 -21"><span class='ocrx_word' id='word_1_213' title='bbox 270 2838 514 2919; x_wconf 80' lang='lat' dir='ltr'><strong>faciunt</strong></span> <span class='ocrx_word' id='word_1_214' title='bbox 557 2838 939 2927; x_wconf 82' lang='lat' dir='ltr'><strong>epigraphae</strong></span> <span class='ocrx_word' id='word_1_215' title='bbox 960 2837 1230 2918; x_wconf 86' lang='lat' dir='ltr'><strong>Atticae,</strong></span> <span class='ocrx_word' id='word_1_216' title='bbox 1274 2840 1340 2904; x_wconf 91' lang='lat' dir='ltr'><strong>in</strong></span> <span class='ocrx_word' id='word_1_217' title='bbox 1363 2841 1592 2921; x_wconf 86' lang='lat' dir='ltr'><strong>quibus</strong></span> <span class='ocrx_word' id='word_1_218' title='bbox 1635 2836 1767 2918; x_wconf 77' lang='grc' dir='ltr'><strong><em>ὑός,</em></strong></span> <span class='ocrx_word' id='word_1_219' title='bbox 1817 2835 2104 2905; x_wconf 54' lang='lat' dir='ltr'><strong>§necata</strong></span> <span class='ocrx_word' id='word_1_220' title='bbox 2130 2843 2248 2904; x_wconf 88' lang='lat' dir='ltr'><strong>etc.</strong></span> <span class='ocrx_word' id='word_1_221' title='bbox 2292 2839 2510 2920; x_wconf 83' lang='lat' dir='ltr'><strong>legun·</strong></span> 
     </span>
     <span class='ocr_line' id='line_1_26' title="bbox 271 2939 2513 3023; baseline 0.001 -19"><span class='ocrx_word' id='word_1_222' title='bbox 271 2945 379 3005; x_wconf 91' lang='lat' dir='ltr'><strong>tur</strong></span> <span class='ocrx_word' id='word_1_223' title='bbox 421 2957 549 3005; x_wconf 90' lang='lat' dir='ltr'><strong>non</strong></span> <span class='ocrx_word' id='word_1_224' title='bbox 590 2958 753 3019; x_wconf 87' lang='lat' dir='ltr'><strong>raro,</strong></span> <span class='ocrx_word' id='word_1_225' title='bbox 796 2959 853 3004; x_wconf 81' lang='lat' dir='ltr'><strong>v.</strong></span> <span class='ocrx_word' id='word_1_226' title='bbox 897 2940 1122 3006; x_wconf 87' lang='lat' dir='ltr'><strong>Franz.</strong></span> <span class='ocrx_word' id='word_1_227' title='bbox 1166 2939 1382 3023; x_wconf 81' lang='lat' dir='ltr'><strong>Epigr.</strong></span> <span class='ocrx_word' id='word_1_228' title='bbox 1426 2961 1487 3023; x_wconf 90' lang='lat' dir='ltr'><strong>p.</strong></span> <span class='ocrx_word' id='word_1_229' title='bbox 1538 2940 1676 3008; x_wconf 89' lang='grc'><strong>166.</strong></span> <span class='ocrx_word' id='word_1_230' title='bbox 1766 2939 1930 3018; x_wconf 84' lang='lat' dir='ltr'><strong>Quin</strong></span> <span class='ocrx_word' id='word_1_231' title='bbox 1974 2939 2144 3021; x_wconf 90' lang='lat' dir='ltr'><strong>apud</strong></span> <span class='ocrx_word' id='word_1_232' title='bbox 2164 2939 2513 3006; x_wconf 87' lang='lat' dir='ltr'><strong>Homerum</strong></span> 
     </span>
     <span class='ocr_line' id='line_1_27' title="bbox 275 3037 2510 3125; baseline 0.001 -18"><span class='ocrx_word' id='word_1_233' title='bbox 275 3043 500 3125; x_wconf 89' lang='lat' dir='ltr'><strong>ipsum,</strong></span> <span class='ocrx_word' id='word_1_234' title='bbox 548 3041 604 3105; x_wconf 90' lang='lat' dir='ltr'><strong>si</strong></span> <span class='ocrx_word' id='word_1_235' title='bbox 645 3041 822 3107; x_wconf 85' lang='lat' dir='ltr'><strong>brevi</strong></span> <span class='ocrx_word' id='word_1_236' title='bbox 865 3059 1023 3123; x_wconf 92' lang='lat' dir='ltr'><strong>opus</strong></span> <span class='ocrx_word' id='word_1_237' title='bbox 1067 3042 1152 3107; x_wconf 92' lang='lat' dir='ltr'><strong>sit</strong></span> <span class='ocrx_word' id='word_1_238' title='bbox 1173 3042 1432 3124; x_wconf 81' lang='lat' dir='ltr'><strong>syllaba,</strong></span> <span class='ocrx_word' id='word_1_239' title='bbox 1481 3038 1597 3120; x_wconf 80' lang='grc' dir='ltr'><strong>ὖός</strong></span> <span class='ocrx_word' id='word_1_240' title='bbox 1644 3043 1832 3109; x_wconf 88' lang='lat' dir='ltr'><strong>scribi</strong></span> <span class='ocrx_word' id='word_1_241' title='bbox 1874 3046 2164 3125; x_wconf 89' lang='lat' dir='ltr'><strong>oportere</strong></span> <span class='ocrx_word' id='word_1_242' title='bbox 2186 3037 2510 3109; x_wconf 86' lang='lat' dir='ltr'><strong>Nauckius</strong></span> 
     </span>
     <span class='ocr_line' id='line_1_28' title="bbox 280 3142 2510 3226; baseline 0 -17"><span class='ocrx_word' id='word_1_243' title='bbox 280 3142 398 3209; x_wconf 91' lang='lat' dir='ltr'><strong>sibi</strong></span> <span class='ocrx_word' id='word_1_244' title='bbox 442 3143 763 3224; x_wconf 89' lang='lat' dir='ltr'><strong>persuasit</strong></span> <span class='ocrx_word' id='word_1_245' title='bbox 804 3143 1122 3226; x_wconf 89' lang='lat' dir='ltr'><strong>Aristoph.</strong></span> <span class='ocrx_word' id='word_1_246' title='bbox 1170 3143 1251 3209; x_wconf 90' lang='lat'><strong>53</strong></span> <span class='ocrx_word' id='word_1_247' title='bbox 1296 3149 1423 3210; x_wconf 89' lang='lat' dir='ltr'><strong>not.</strong></span> <span class='ocrx_word' id='word_1_248' title='bbox 1514 3144 1673 3211; x_wconf 86' lang='lat' dir='ltr'><strong>Cum</strong></span> <span class='ocrx_word' id='word_1_249' title='bbox 1717 3145 1931 3210; x_wconf 89' lang='lat' dir='ltr'><strong>Attica</strong></span> <span class='ocrx_word' id='word_1_250' title='bbox 1944 3193 1959 3224; x_wconf 92' lang='lat'><strong>,</strong></span> <span class='ocrx_word' id='word_1_251' title='bbox 2026 3163 2189 3226; x_wconf 88' lang='lat' dir='ltr'><strong>quae</strong></span> <span class='ocrx_word' id='word_1_252' title='bbox 2231 3150 2510 3224; x_wconf 86' lang='lat' dir='ltr'><strong>vocatur,</strong></span> 
     </span>
    </p>
   </div>
   <div class='ocr_carea' id='block_1_3' title="bbox 452 3383 2214 3483">
    <p class='ocr_par' dir='ltr' id='par_1_3' title="bbox 452 3383 2214 3483">
     <span class='ocr_line' id='line_1_29' title="bbox 452 3383 2214 3483; baseline 0.001 -17"><span class='ocrx_word' id='word_1_253' title='bbox 452 3412 507 3479; x_wconf 74' lang='lat'><strong>4)</strong></span> <span class='ocrx_word' id='word_1_254' title='bbox 542 3383 715 3468; x_wconf 79' lang='lat' dir='ltr'><strong>Verba</strong></span> <span class='ocrx_word' id='word_1_255' title='bbox 749 3416 902 3466; x_wconf 83' lang='lat' dir='ltr'><strong>uncis</strong></span> <span class='ocrx_word' id='word_1_256' title='bbox 936 3391 1142 3467; x_wconf 77' lang='lat' dir='ltr'><strong>inclusa</strong></span> <span class='ocrx_word' id='word_1_257' title='bbox 1177 3416 1348 3467; x_wconf 83' lang='lat' dir='ltr'><strong>adieci</strong></span> <span class='ocrx_word' id='word_1_258' title='bbox 1379 3422 1594 3483; x_wconf 87' lang='lat' dir='ltr'><strong>propter</strong></span> <span class='ocrx_word' id='word_1_259' title='bbox 1629 3432 1693 3468; x_wconf 82' lang='lat' dir='ltr'><strong>ea</strong></span> <span class='ocrx_word' id='word_1_260' title='bbox 1728 3431 1864 3482; x_wconf 82' lang='lat' dir='ltr'><strong>qnae</strong></span> <span class='ocrx_word' id='word_1_261' title='bbox 1897 3420 2214 3480; x_wconf 83' lang='lat' dir='ltr'><strong>sequuntur.</strong></span> 
     </span>
    </p>
   </div>
   <div class='ocr_carea' id='block_1_4' title="bbox 280 3515 2513 3670">
    <p class='ocr_par' dir='ltr' id='par_1_4' title="bbox 280 3515 2512 3670">
     <span class='ocr_line' id='line_1_30' title="bbox 455 3515 2512 3584; baseline 0 -15"><span class='ocrx_word' id='word_1_262' title='bbox 455 3515 512 3580; x_wconf 79' lang='lat'><strong>5)</strong></span> <span class='ocrx_word' id='word_1_263' title='bbox 550 3516 703 3579; x_wconf 77' lang='lat' dir='ltr'><strong>Quod</strong></span> <span class='ocrx_word' id='word_1_264' title='bbox 748 3517 881 3568; x_wconf 83' lang='lat' dir='ltr'><strong>haec</strong></span> <span class='ocrx_word' id='word_1_265' title='bbox 925 3519 1202 3584; x_wconf 78' lang='lat' dir='ltr'><strong>participia</strong></span> <span class='ocrx_word' id='word_1_266' title='bbox 1251 3518 1511 3569; x_wconf 86' lang='lat' dir='ltr'><strong>interdum</strong></span> <span class='ocrx_word' id='word_1_267' title='bbox 1570 3534 1663 3584; x_wconf 89' lang='lat' dir='ltr'><strong>per</strong></span> <span class='ocrx_word' id='word_1_268' title='bbox 1713 3536 1765 3569; x_wconf 87' lang='grc' dir='ltr'><strong>οι</strong></span> <span class='ocrx_word' id='word_1_269' title='bbox 1801 3518 2125 3580; x_wconf 83' lang='lat' dir='ltr'><strong>scribuntur,</strong></span> <span class='ocrx_word' id='word_1_270' title='bbox 2160 3518 2387 3570; x_wconf 82' lang='lat' dir='ltr'><strong>librariis</strong></span> <span class='ocrx_word' id='word_1_271' title='bbox 2422 3521 2512 3570; x_wconf 87' lang='lat' dir='ltr'><strong>tri</strong></span> 
     </span>
     <span class='ocr_line' id='line_1_31' title="bbox 280 3602 2513 3670; baseline 0.001 -16"><span class='ocrx_word' id='word_1_272' title='bbox 280 3603 546 3662; x_wconf 79' lang='lat' dir='ltr'><strong>buendum</strong></span> <span class='ocrx_word' id='word_1_273' title='bbox 597 3602 805 3653; x_wconf 79' lang='lat' dir='ltr'><strong>videtur</strong></span> <span class='ocrx_word' id='word_1_274' title='bbox 849 3604 1226 3655; x_wconf 78' lang='lat' dir='ltr'><strong>recentioribus</strong></span> <span class='ocrx_word' id='word_1_275' title='bbox 1280 3621 1330 3667; x_wconf 90' lang='grc' dir='ltr'><strong>υ,</strong></span> <span class='ocrx_word' id='word_1_276' title='bbox 1387 3620 1444 3654; x_wconf 91' lang='grc' dir='ltr'><strong>υι</strong></span> <span class='ocrx_word' id='word_1_277' title='bbox 1510 3609 1562 3655; x_wconf 92' lang='lat' dir='ltr'><strong>et</strong></span> <span class='ocrx_word' id='word_1_278' title='bbox 1611 3621 1660 3656; x_wconf 89' lang='grc' dir='ltr'><strong>οι</strong></span> <span class='ocrx_word' id='word_1_279' title='bbox 1717 3604 1900 3655; x_wconf 84' lang='lat' dir='ltr'><strong>eodem</strong></span> <span class='ocrx_word' id='word_1_280' title='bbox 1946 3618 2077 3654; x_wconf 83' lang='lat' dir='ltr'><strong>sono</strong></span> <span class='ocrx_word' id='word_1_281' title='bbox 2110 3604 2513 3670; x_wconf 77' lang='lat' dir='ltr'><strong>proferentibus.</strong></span> 
     </span>
    </p>
   </div>
   <div class='ocr_carea' id='block_1_5' title="bbox 280 3688 2600 3757">
    <p class='ocr_par' dir='ltr' id='par_1_5' title="bbox 280 3688 2600 3757">
     <span class='ocr_line' id='line_1_32' title="bbox 280 3688 2600 3757; baseline 0.001 -18"><span class='ocrx_word' id='word_1_282' title='bbox 280 3688 487 3753; x_wconf 74' lang='lat' dir='ltr'><strong>Reepse</strong></span> <span class='ocrx_word' id='word_1_283' title='bbox 521 3691 698 3750; x_wconf 82' lang='lat' dir='ltr'><strong>tamen</strong></span> <span class='ocrx_word' id='word_1_284' title='bbox 732 3690 977 3739; x_wconf 81' lang='lat' dir='ltr'><strong>convenit</strong></span> <span class='ocrx_word' id='word_1_285' title='bbox 1018 3705 1137 3740; x_wconf 85' lang='lat' dir='ltr'><strong>cum</strong></span> <span class='ocrx_word' id='word_1_286' title='bbox 1190 3690 1556 3742; x_wconf 81' lang='lat' dir='ltr'><strong>terminatione</strong></span> <span class='ocrx_word' id='word_1_287' title='bbox 1599 3691 1809 3757; x_wconf 75' lang='lat' dir='ltr'><strong>generis</strong></span> <span class='ocrx_word' id='word_1_288' title='bbox 1843 3688 2122 3740; x_wconf 76' lang='lat' dir='ltr'><strong>masculini</strong></span> <span class='ocrx_word' id='word_1_289' title='bbox 2174 3695 2227 3742; x_wconf 90' lang='lat' dir='ltr'><strong>et</strong></span> <span class='ocrx_word' id='word_1_290' title='bbox 2261 3691 2515 3753; x_wconf 80' lang='lat' dir='ltr'><strong>neutrius,</strong></span> <span class='ocrx_word' id='word_1_291' title='bbox 2595 3709 2600 3712; x_wconf 47' lang='grc'><strong><em>“</em></strong></span> 
     </span>
    </p>
   </div>
   <div class='ocr_carea' id='block_1_6' title="bbox 226 3767 2517 4269">
    <p class='ocr_par' dir='ltr' id='par_1_6' title="bbox 226 3767 2517 4266">
     <span class='ocr_line' id='line_1_33' title="bbox 278 3767 2517 3875; baseline 0.003 -53"><span class='ocrx_word' id='word_1_292' title='bbox 278 3772 333 3823; x_wconf 88' lang='lat' dir='ltr'><strong>in</strong></span> <span class='ocrx_word' id='word_1_293' title='bbox 378 3772 568 3838; x_wconf 78' lang='lat' dir='ltr'><strong>quibus</strong></span> <span class='ocrx_word' id='word_1_294' title='bbox 624 3790 653 3824; x_wconf 90' lang='grc' dir='ltr'><strong>ο</strong></span> <span class='ocrx_word' id='word_1_295' title='bbox 707 3788 867 3825; x_wconf 84' lang='lat' dir='ltr'><strong>sonus</strong></span> <span class='ocrx_word' id='word_1_296' title='bbox 902 3773 1113 3826; x_wconf 80' lang='lat' dir='ltr'><strong>auditur</strong></span> <span class='ocrx_word' id='word_1_297' title='bbox 1147 3769 1431 3875; x_wconf 56' lang='grc' dir='ltr'><strong><em>(ιειυφώς,</em></strong></span> <span class='ocrx_word' id='word_1_298' title='bbox 1465 3767 1717 3842; x_wconf 73' lang='grc' dir='ltr'><strong>τετυφός)</strong></span> <span class='ocrx_word' id='word_1_299' title='bbox 1753 3779 1807 3825; x_wconf 89' lang='lat' dir='ltr'><strong>et</strong></span> <span class='ocrx_word' id='word_1_300' title='bbox 1839 3789 1874 3825; x_wconf 77' lang='lat' dir='ltr'><strong>a</strong></span> <span class='ocrx_word' id='word_1_301' title='bbox 1891 3772 2259 3827; x_wconf 81' lang='lat' dir='ltr'><strong>Choerobosco</strong></span> <span class='ocrx_word' id='word_1_302' title='bbox 2286 3771 2407 3830; x_wconf 70' lang='lat'><strong>832.</strong></span> <span class='ocrx_word' id='word_1_303' title='bbox 2444 3772 2517 3829; x_wconf 76' lang='lat'><strong>20</strong></span> 
     </span>
     <span class='ocr_line' id='line_1_34' title="bbox 278 3851 2516 3927; baseline 0.001 -18"><span class='ocrx_word' id='word_1_304' title='bbox 278 3859 528 3924; x_wconf 81' lang='lat' dir='ltr'><strong>repetitur</strong></span> <span class='ocrx_word' id='word_1_305' title='bbox 561 3856 1018 3925; x_wconf 66' lang='lat' dir='ltr'><strong>altius.rewq117oe</strong></span> <span class='ocrx_word' id='word_1_306' title='bbox 1071 3854 1199 3907; x_wconf 80' lang='grc' dir='ltr'><strong>καὶ</strong></span> <span class='ocrx_word' id='word_1_307' title='bbox 1218 3852 1286 3908; x_wconf 74' lang='grc' dir='ltr'><strong>τὰ</strong></span> <span class='ocrx_word' id='word_1_308' title='bbox 1345 3853 1513 3921; x_wconf 82' lang='grc' dir='ltr'><strong><em>ὅμοια</em></strong></span> <span class='ocrx_word' id='word_1_309' title='bbox 1569 3859 1622 3911; x_wconf 76' lang='grc' dir='ltr'><strong>οἱ</strong></span> <span class='ocrx_word' id='word_1_310' title='bbox 1651 3851 1833 3916; x_wconf 78' lang='grc' dir='ltr'><em>Ἴωνες</em></span> <span class='ocrx_word' id='word_1_311' title='bbox 1885 3852 1980 3909; x_wconf 78' lang='grc' dir='ltr'><strong>διὰ</strong></span> <span class='ocrx_word' id='word_1_312' title='bbox 2032 3857 2123 3924; x_wconf 74' lang='grc' dir='ltr'><strong>τῆς</strong></span> <span class='ocrx_word' id='word_1_313' title='bbox 2176 3876 2228 3911; x_wconf 85' lang='grc' dir='ltr'><strong>οι</strong></span> <span class='ocrx_word' id='word_1_314' title='bbox 2277 3860 2516 3927; x_wconf 78' lang='grc' dir='ltr'><strong><em>λέγουσι.</em></strong></span> 
     </span>
     <span class='ocr_line' id='line_1_35' title="bbox 284 3940 2516 4010; baseline 0.001 -15"><span class='ocrx_word' id='word_1_315' title='bbox 284 3944 572 4010; x_wconf 78' lang='lat' dir='ltr'><strong>eademque</strong></span> <span class='ocrx_word' id='word_1_316' title='bbox 607 3943 844 3995; x_wconf 80' lang='lat' dir='ltr'><strong>confusio</strong></span> <span class='ocrx_word' id='word_1_317' title='bbox 878 3943 935 3991; x_wconf 89' lang='lat' dir='ltr'><strong>in</strong></span> <span class='ocrx_word' id='word_1_318' title='bbox 970 3941 1091 3992; x_wconf 73' lang='lat' dir='ltr'><strong>aliis</strong></span> <span class='ocrx_word' id='word_1_319' title='bbox 1126 3942 1379 4007; x_wconf 80' lang='lat' dir='ltr'><strong>dialectis,</strong></span> <span class='ocrx_word' id='word_1_320' title='bbox 1413 3960 1463 3994; x_wconf 80' lang='lat' dir='ltr'><strong>v.</strong></span> <span class='ocrx_word' id='word_1_321' title='bbox 1485 3944 1625 3998; x_wconf 83' lang='lat' dir='ltr'><strong>Keil.</strong></span> <span class='ocrx_word' id='word_1_322' title='bbox 1658 3945 1831 3997; x_wconf 77' lang='lat' dir='ltr'><strong>Anall.</strong></span> <span class='ocrx_word' id='word_1_323' title='bbox 1870 3940 1988 4007; x_wconf 81' lang='lat'><strong>163,</strong></span> <span class='ocrx_word' id='word_1_324' title='bbox 2024 3958 2123 3994; x_wconf 84' lang='lat' dir='ltr'><strong>nee</strong></span> <span class='ocrx_word' id='word_1_325' title='bbox 2157 3957 2281 3995; x_wconf 79' lang='lat' dir='ltr'><strong>rara</strong></span> <span class='ocrx_word' id='word_1_326' title='bbox 2314 3945 2370 3995; x_wconf 87' lang='lat' dir='ltr'><strong>iu</strong></span> <span class='ocrx_word' id='word_1_327' title='bbox 2406 3961 2516 3997; x_wconf 82' lang='lat' dir='ltr'><strong>ser·</strong></span> 
     </span>
     <span class='ocr_line' id='line_1_36' title="bbox 226 4022 2517 4108; baseline 0.001 -30"><span class='ocrx_word' id='word_1_328' title='bbox 226 4065 229 4068; x_wconf 87' lang='lat'>-</span> <span class='ocrx_word' id='word_1_329' title='bbox 285 4041 438 4078; x_wconf 84' lang='lat' dir='ltr'><strong>mone</strong></span> <span class='ocrx_word' id='word_1_330' title='bbox 473 4028 734 4079; x_wconf 85' lang='lat' dir='ltr'><strong>communi</strong></span> <span class='ocrx_word' id='word_1_331' title='bbox 768 4030 932 4093; x_wconf 86' lang='grc' dir='ltr'><strong><em>ψοῖαι</em></strong></span> <span class='ocrx_word' id='word_1_332' title='bbox 966 4032 1020 4079; x_wconf 85' lang='lat' dir='ltr'><strong>et</strong></span> <span class='ocrx_word' id='word_1_333' title='bbox 1055 4030 1239 4093; x_wconf 81' lang='grc' dir='ltr'><strong><em>ψυΐαι,</em></strong></span> <span class='ocrx_word' id='word_1_334' title='bbox 1273 4022 1925 4098; x_wconf 67' lang='lat' dir='ltr'><strong>Phryn.301,na19v265</strong></span> <span class='ocrx_word' id='word_1_335' title='bbox 1958 4022 2323 4108; x_wconf 67' lang='lat' dir='ltr'><strong>nmqoeoc—</strong></span> <span class='ocrx_word' id='word_1_336' title='bbox 2280 4032 2517 4097; x_wconf 77' lang='grc' dir='ltr'><strong><em>τρίττοια</em></strong></span> 
     </span>
     <span class='ocr_line' id='line_1_37' title="bbox 284 4106 2514 4181; baseline 0.001 -19"><span class='ocrx_word' id='word_1_337' title='bbox 284 4106 316 4175; x_wconf 80' lang='grc' dir='ltr'><em>ἡ</em></span> <span class='ocrx_word' id='word_1_338' title='bbox 350 4113 549 4176; x_wconf 71' lang='grc' dir='ltr'><strong><em>θυσία,</em></strong></span> <span class='ocrx_word' id='word_1_339' title='bbox 592 4112 748 4178; x_wconf 82' lang='lat' dir='ltr'><strong>qnod</strong></span> <span class='ocrx_word' id='word_1_340' title='bbox 784 4112 1155 4180; x_wconf 75' lang='lat' dir='ltr'><strong>Theognostus</strong></span> <span class='ocrx_word' id='word_1_341' title='bbox 1198 4108 1313 4165; x_wconf 80' lang='lat'><strong>103.</strong></span> <span class='ocrx_word' id='word_1_342' title='bbox 1352 4110 1412 4165; x_wconf 87' lang='lat'><strong>11</strong></span> <span class='ocrx_word' id='word_1_343' title='bbox 1471 4114 1611 4164; x_wconf 82' lang='lat' dir='ltr'><strong>inter</strong></span> <span class='ocrx_word' id='word_1_344' title='bbox 1642 4119 2070 4181; x_wconf 79' lang='lat' dir='ltr'><strong>proparoxytona</strong></span> <span class='ocrx_word' id='word_1_345' title='bbox 2118 4113 2177 4162; x_wconf 87' lang='lat' dir='ltr'><strong>in</strong></span> <span class='ocrx_word' id='word_1_346' title='bbox 2213 4129 2302 4163; x_wconf 85' lang='grc' dir='ltr'><strong>οια</strong></span> <span class='ocrx_word' id='word_1_347' title='bbox 2338 4113 2514 4164; x_wconf 82' lang='lat' dir='ltr'><strong>refert.</strong></span> 
     </span>
     <span class='ocr_line' id='line_1_38' title="bbox 279 4195 2515 4269; baseline 0 -21"><span class='ocrx_word' id='word_1_348' title='bbox 279 4197 545 4248; x_wconf 82' lang='lat' dir='ltr'><strong>Aeolicum</strong></span> <span class='ocrx_word' id='word_1_349' title='bbox 581 4195 733 4269; x_wconf 74' lang='grc' dir='ltr'><strong><em>τυῖδε</em></strong></span> <span class='ocrx_word' id='word_1_350' title='bbox 765 4197 902 4249; x_wconf 88' lang='lat' dir='ltr'><strong>nihil</strong></span> <span class='ocrx_word' id='word_1_351' title='bbox 935 4198 1081 4249; x_wconf 77' lang='lat' dir='ltr'><strong>aliud</strong></span> <span class='ocrx_word' id='word_1_352' title='bbox 1115 4203 1197 4250; x_wconf 83' lang='lat' dir='ltr'><strong>est</strong></span> <span class='ocrx_word' id='word_1_353' title='bbox 1229 4212 1388 4264; x_wconf 78' lang='lat' dir='ltr'><strong>qnam</strong></span> <span class='ocrx_word' id='word_1_354' title='bbox 1421 4196 1599 4266; x_wconf 73' lang='grc' dir='ltr'><strong>τοῖδε,</strong></span> <span class='ocrx_word' id='word_1_355' title='bbox 1649 4197 1760 4266; x_wconf 71' lang='grc' dir='ltr'><strong>πφδ</strong></span> <span class='ocrx_word' id='word_1_356' title='bbox 1762 4214 1787 4251; x_wconf 87' lang='grc' dir='ltr'><em>ε</em></span> <span class='ocrx_word' id='word_1_357' title='bbox 1820 4198 2090 4251; x_wconf 76' lang='lat' dir='ltr'><strong>intellectu</strong></span> <span class='ocrx_word' id='word_1_358' title='bbox 2124 4196 2416 4249; x_wconf 75' lang='lat' dir='ltr'><strong>adverbiali</strong></span> <span class='ocrx_word' id='word_1_359' title='bbox 2452 4200 2515 4249; x_wconf 79' lang='lat' dir='ltr'><strong>ut</strong></span> 
     </span>
    </p>
   </div>
   <div class='ocr_carea' id='block_1_7' title="bbox 284 4275 1544 4354">
    <p class='ocr_par' dir='ltr' id='par_1_7' title="bbox 284 4275 1544 4354">
     <span class='ocr_line' id='line_1_39' title="bbox 284 4275 1544 4354; baseline 0.003 -21"><span class='ocrx_word' id='word_1_360' title='bbox 284 4279 424 4352; x_wconf 79' lang='grc' dir='ltr'><strong><em>τῇδε,</em></strong></span> <span class='ocrx_word' id='word_1_361' title='bbox 460 4275 647 4351; x_wconf 73' lang='grc' dir='ltr'>ταύτῃ,</span> <span class='ocrx_word' id='word_1_362' title='bbox 683 4296 843 4348; x_wconf 74' lang='lat' dir='ltr'><strong>quare</strong></span> <span class='ocrx_word' id='word_1_363' title='bbox 877 4282 1093 4350; x_wconf 77' lang='lat' dir='ltr'><strong>regulae</strong></span> <span class='ocrx_word' id='word_1_364' title='bbox 1126 4297 1234 4333; x_wconf 88' lang='lat' dir='ltr'><strong>non</strong></span> <span class='ocrx_word' id='word_1_365' title='bbox 1267 4288 1544 4354; x_wconf 71' lang='lat' dir='ltr'><strong>repugnat.</strong></span> 
     </span>
    </p>
   </div>
  </div>
 </body>
</html>
