2946 4928
418 340 545 409 262
604 325 611 331 “
1175 339 1735 407 mssa-MATIO
1801 339 1944 405 vn.

420 506 928 587 contrariumque
981 510 1062 569 M
1073 502 1188 591 ήχι
1238 499 1327 583 ὥς
1371 502 1544 585 ναίχι
1595 504 1706 570 καὶ
1751 498 1930 586 οὗχί·
1998 496 2346 585 Εὔβουλος
2390 502 2669 586 (Fragm.

349 672 358 681 1
419 609 589 674 Com.
634 608 735 673 III
776 606 952 691 216.)
995 608 1431 673 Antiatticista
1472 609 1541 672 in
1584 607 1817 674 Anecd.
1862 607 2063 673 Bekk.
2114 604 2257 672 108.
2311 604 2406 671 14.

590 711 732 777 Non
776 712 995 792 procul
1035 710 1182 776 hinc
1222 715 1492 793 vagatur
1526 730 1647 776 vox
1670 710 2202 791 desperatissima,
2250 728 2443 791 quam
2465 707 2663 775 Choe-

418 813 718 879 roboscus
762 813 828 877 in
872 812 1252 879 Ρ631111..41.
1296 814 1379 880 25
1447 815 1514 879 111
1560 813 1870 895 quadrum
1914 813 2202 895 redigere
2249 817 2539 878 conatur:
2586 814 2663 877 τὸ

415 919 650 1003 κῆχος
695 913 943 1001 γίνεται
990 918 1176 1003 παρὰ
1243 917 1320 983 τὸ
1389 921 1487 1002 πῆ
1554 916 1665 984 καὶ
1712 913 1973 983 ἐκτάσει
2030 919 2145 999 τῆς
2191 920 2296 1003 fo}
2341 917 2669 1002 συλλαβῆς

416 1019 529 1085 καὶ
586 1024 812 1105 τροπῇ
877 1026 992 1087 τοῦ
1045 1057 1089 1090 n
1150 1015 1243 1098 εἷς
1299 1023 1334 1091 ἱ
1390 1024 1600 1105 κῆχος.
1689 1019 1753 1084 IS
1798 1019 1992 1100 igitur
2037 1019 2372 1084 dictionem
2416 1018 2667 1084 Atticae

622 1121 1105 1149 .....

277 1208 278 1211 “
361 1212 368 1219 “
414 1227 555 1306 11111,
601 1224 903 1290 adverbia
926 1225 1211 1290 eiusdem
1238 1225 1454 1307 stirpis
1502 1230 1635 1291 ποῒ
1667 1230 1734 1290 61
1775 1220 1855 1311 κή
1900 1225 1967 1291 id
1991 1230 2090 1291 est
2123 1221 2668 1312 πήρ3131161161116

413 1329 686 1410 quodam
723 1328 944 1410 juncta
996 1331 1256 1408 putans,
1325 1326 1459 1394 fere
1516 1334 1590 1394 ut
1641 1329 1707 1393 in
1753 1327 1977 1411 Odyss.
2022 1329 2177 1394 XIX
2222 1328 2343 1394 411
2393 1332 2662 1417 Παρνη-

414 1427 618 1507 σόνδ’,
686 1427 809 1496 όθι
858 1425 993 1495 πού
1036 1455 1156 1514 μοι
1213 1425 1485 1519 κτήῐιαθ
1537 1428 1681 1497 ἔασι
1728 1432 2085 1524 encliticum
2128 1432 2394 1500 relativo
2439 1432 2666 1498 adiun-

414 1540 585 1601 ctum
640 1537 740 1599 est
805 1537 871 1598 et
926 1550 1116 1614 saepe
1163 1534 1659 1600 demonstrativo
1705 1534 1866 1622 τῇδέ
1911 1560 2041 1621 πη,
2113 1536 2277 1623 τῇδέ
2336 1560 2496 1610 που,
2565 1534 2668 1598 hic

415 1635 664 1701 alicubi.
754 1636 1214 1702 Eratosthenes
1279 1655 1429 1703 vero
1494 1641 1562 1701 et
1605 1636 1972 1718 Apollonius
2038 1654 2152 1719 pro
2216 1659 2341 1721 quo
2397 1638 2667 1702 vzmcz’mae

411 1744 792 1822 acceperunt
834 1739 1125 1805 ‚Ionicum
1168 1746 1398 1827 κῆγχος
1463 1758 1543 1805 ex
1596 1738 1676 1827 κὴ
1736 1733 1935 1824 ὄῖγχος
1966 1740 2131 1805 sive
2177 1732 2327 1826 α’γχι
2373 1746 2665 1807 constare

412 1849 752 1908 sumentes,
839 1842 1014 1908 Nihil
1076 1843 1302 1908 horum
1365 1842 1597 1924 probat
1637 1842 1992 1907 Meinekius
2049 1847 2348 1925 spemque
2415 1863 2667 1910 omnem

411 1946 545 2010 veri
588 1944 946 2010 inveniendi
988 1945 1125 2010 iure
1160 1945 1376 2010 abiicit
1407 1945 1490 2010 ad
1511 1945 1761 2025 Fragm.
1786 1943 2077 2010 Pherecr.
2122 1946 2259 2012 Vol.
2283 1947 2348 2010 Π
2368 1947 2437 2012 Ρ.
2461 1946 2494 2012 I
2517 1947 2664 2014 350.

585 2048 1028 2130 Aspiratarum
1070 2048 1325 2112 tertiam
1372 2048 1652 2129 epectasi
1690 2047 2044 2113 adhibitam
2089 2067 2230 2114 esse
2273 2049 2478 2141 Epim.
2522 2051 2561 2116 1.
2611 2069 2662 2116 c.

411 2149 806 2218 demonstrat
850 2150 1135 2232 exemplo
1179 2149 1463 2216 adverbii
1530 2177 1563 2216 ν
1577 2175 1608 2216 ε
1622 2175 1645 2216 ι
1660 2145 1697 2215 ό
1711 2154 1798 2215 θι
1813 2199 1830 2227 ,
1902 2151 2079 2233 quus
2145 2153 2396 2235 generis
2461 2155 2664 2219 multa

410 2259 700 2333 exstant:
748 2250 1010 2329 οἴκοθι,
1060 2250 1331 2342 τηλόθι,
1380 2249 1615 2340 ἐγγύθι
1644 2257 1778 2345 etc.
1868 2252 1995 2320 Sed
2039 2255 2138 2320 his
2183 2256 2472 2323 omnibus
2517 2275 2664 2322 con-

410 2360 628 2425 iuncta
672 2362 772 2424 est
814 2359 1160 2439 corruptio,
1207 2375 1371 2439 quae
1416 2357 1674 2438 dicitur,
1720 2358 2067 2440 prototypi,
2135 2361 2304 2441 quod
2346 2361 2665 2443 integrum

417 2463 697 2530 reddunt
738 2456 906 2544 οὗχί,
977 2457 1172 2543 ναιχί.
1265 2459 1626 2544 Suppetunt
1689 2481 1838 2528 vero
1884 2446 2214 2529 similiora:
2275 2458 2662 2551 ἀπόπροθι,

262 2626 275 2632 -
411 2561 604 2649 αὖθι,
653 2562 892 2647 ἐκεῖθι,
942 2583 1105 2648 quae
1149 2569 1399 2632 veteres
1442 2566 1632 2631 nimis
1677 2583 1942 2647 operose
1987 2566 2069 2631 ad
2091 2585 2406 2649 syncopen
2450 2570 2664 2635 detor-

408 2674 624 2753 quent,
658 2690 714 2736 v.
740 2670 922 2736 Path.
947 2668 1214 2734 Elemm.
1240 2668 1273 2733 I
1298 2666 1534 2733 357.-—
1557 2668 1720 2734 Non
1765 2687 1850 2734 as
1864 2669 2176 2751 piratas
2222 2670 2496 2736 excludit
2516 2671 2664 2738 EM.

367 2772 551 2852 -638.
596 2773 701 2854 37,
747 2774 828 2838 de
873 2767 1023 2840 οὐκί
1067 2773 1403 2851 (1166616116,
1450 2772 1618 2853 quod
1653 2771 1787 2837 solo
1806 2773 2188 2854 pleonasmo,
2233 2793 2358 2838 non
2381 2775 2665 2855 epectasi

408 2881 663 2943 auctum
707 2876 887 2943 dicit:
957 2872 1026 2941 αἱ
1092 2874 1219 2961 γὰρ
1274 2871 1661 2953 ἒπεκτάσεις
1726 2873 1839 2942 διὰ
1886 2876 2143 2942 δασέων
2187 2876 2512 2961 γίνονται,
2579 2873 2664 2944 οὗ

408 2978 521 3046 διὰ
566 2978 810 3070 ψιλῶν.
900 2977 1024 3043 Hic
1066 2978 1262 3059 igitur
1305 2978 1604 3042 dissentit
1647 2995 1790 3043 cum
1836 2978 1963 3058 illo,
2010 2978 2119 3059 qui
2162 2997 2222 3059 p.
2275 2975 2448 3045 306.
2464 2979 2546 3046 39
2592 2985 2666 3046 61

405 3078 680 3146 825.17
726 3075 1038 3180 loquitur:
1109 3076 1327 3167 ὥςπερ
1386 3075 1525 3145 ἀπὸ
1583 3087 1702 3146 τοῦ
1752 3077 1830 3172 δή
1878 3079 2145 3166 γίνεται
2174 3083 2408 3169 δῆτα,
2480 3078 2660 3149 οὕτω

405 3182 514 3249 καὶ
561 3177 701 3250 ἀπὸ
746 3186 865 3248 τοῦ
912 3207 974 3250 ει
1019 3173 1220 3249 εἶτα.
1276 3181 1374 3247 Ε3.
1397 3184 1627 3265 quippe
1672 3182 1793 3248 fuit
1817 3183 2168 3266 Tryphonis
2215 3186 2530 3251 sententia
2573 3186 2659 3252 ab

406 3286 789 3402 Apollonio—
778 3285 937 3352 Adv.
982 3284 1109 3351 569
1155 3287 1497 3352 memoriae
1541 3286 1805 3352 tradita:
1874 3287 1975 3351 τὸ
1992 3281 2043 3351 ὥ
2087 3283 2329 3374 μόριον
2374 3287 2663 3389 ἑκταθὲιι

402 3394 515 3458 διὰ
561 3395 676 3458 τοῦ
720 3427 786 3462 τα
832 3388 1129 3457 ἐποιεῖτο
1175 3389 1484 3479 κλητικὸν
1526 3385 1956 3477 επίφθεγμαε
2014 3383 2184 3469 ὦτα,
2253 3387 2496 3457 καθότι
2546 3393 2659 3459 καὶ

355 3572 357 3575 y
403 3498 494 3581 τῷ
539 3490 620 3581 δή
660 3492 741 3563 ,τὸ
790 3494 957 3580 δῆτα
1006 3492 1370 3578 παρέκειτο.
1441 3491 1623 3569 Quod
1646 3493 1724 3559 de
1749 3487 1884 3559 ὦτα
1908 3494 2154 3576 dicitur,
2190 3495 2468 3560 omnium
2491 3481 2657 3576 quae

407 3598 485 3662 de
534 3589 587 3662 ὦ
634 3591 754 3662 τάν
798 3601 1234 3677 proponuntur
1276 3595 1666 3661 levissimum
1713 3601 1813 3662 est
1835 3596 1938 3680 [cf.
1949 3616 2009 3679 p.
2029 3595 2149 3662 193
2165 3597 2284 3681 sq.]
2330 3597 2673 3684 De‘altero

400 3698 713 3765 consentit
775 3697 1063 3764 Klot'zius
1128 3699 1211 3764 ad
1265 3698 1494 3765 Devar.
1540 3698 1606 3763 11
1647 3697 1803 3779 434,
1850 3683 2296 3765 affirmativum
2345 3695 2424 3787 δή
2442 3748 2459 3777 ,
2527 3720 2653 3783 quo

396 3801 617 3867 fortior
640 3807 816 3868 esset
843 3801 1201 3883 affirmatio,
1248 3803 1314 3867 in
1361 3805 1531 3890 δῆτα
1574 3803 1950 3884 productum
1996 3820 2155 3868 esse.
2247 3801 2414 3879 Quin
2458 3804 2652 3869 etiam

403 3904 661 3970 fuerunt
704 3923 862 3987 quos
906 3905 1279 3971 insolentior
1321 3905 1519 3970 erasis
1566 3906 1895 3987 compositi
1939 3897 2106 3994 κᾷτα
2152 3907 2242 3971 ita
2286 3904 2650 3989 offenderet,

402 4013 475 4073 ut
542 4006 809 4090 simplici
876 4014 990 4075 καί
1036 4007 1342 4091 syllabam
1387 4008 1775 4074 extensivam
1831 4008 2112 4074 additam
2157 4009 2650 4091 suspicarentur,

398 4130 456 4176 v.
502 4112 586 4176 ad
630 4110 726 4176 Ai.
769 4129 832 4192 p.
880 4110 979 4176 70.
1051 4147 1122 4158 -—
1195 4109 1552 4194 Improbius
1617 4112 1861 4177 luditur
1923 4112 1990 4177 in
2033 4113 2388 4179 nominibus
2446 4116 2646 4179 meta-

396 4215 651 4295 plastis:
701 4210 1296 4302 προσχηματισμός
1343 4212 1482 4281 ἐστι
1530 4210 1888 4302 προσθήκη
1931 4218 2096 4297 μιᾶς
2119 4217 2448 4305 συλλαβῆς
2477 4217 2646 4282 κατὰ

393 4316 467 4380 τὸ
527 4315 717 4395 τέλος
783 4306 927 4384 οἷον
984 4310 1210 4404 ὄνειρα
1268 4312 1579 4406 ὀνείρατα
1650 4316 1965 4398 Josephus
2022 4315 2339 4384 Rhaeend.
2386 4317 2646 4415 SynopS.

1281 4663 1318 4690 a
