2946 4928
905 356 1020 424 DE
1067 306 1518 425 EPranTIs
1569 356 1915 425 OTIOSIS.
2376 356 2502 426 363

261 528 382 604 est,
429 522 542 589 sed
583 540 768 587 nemo
811 521 995 588 facile
1025 523 1342 602 -attendit3
1387 522 1745 589 admonitus
1789 527 2007 588 autem
2051 521 2511 604 quodammodo

257 626 500 708 gaudet
542 630 844 709 tanquam
888 644 959 691 re
1003 644 1167 691 nova
1210 630 1279 691 et
1318 625 1681 708 incogitata.
1704 662 1792 674 —--
1813 620 1945 691 Sed
1989 623 2109 690 hac
2151 625 2340 691 laude
2405 644 2508 692 ca-

260 734 410 795 rent
451 727 736 810 epitheta
779 727 962 794 obvia
1007 734 1073 794 et
1116 728 1392 793 trivialia
1434 726 1671 814 κεραοὶ
1717 721 1877 810 βόες
1906 724 2166 793 Theocrt
2209 726 2364 793 XVI
2407 727 2509 808 37,

259 831 516 897 Anthol.
560 829 685 896 VII
735 829 885 911 174,
941 825 1176 913 ἰχθύες
1221 813 1445 918 mirol
1486 829 1676 896 Anth.
1722 828 1814 895 VI
1855 826 1926 910 4,
1990 829 2240 911 μόσχος
2288 852 2509 918 τετρα-

262 930 518 1021 σκελὴς,
569 932 807 1020 πτηνοὶ
855 926 1128 1018 ὄρνιθες
1176 938 1333 1014 ΕΜ,
1400 952 1456 998 v.
1502 933 1584 999 ad
1625 932 1722 999 Ai.
1769 953 1825 999 v.
1876 930 2014 998 139.
2134 932 2310 999 Haec
2376 952 2509 999 ser-

261 1037 465 1104 monis
491 1036 888 1103 condimenta
932 1037 1065 1101 sive
1115 1037 1325 1118 potius
1369 1054 1592 1101 versus
1616 1036 2075 1118 complementa
2116 1041 2344 1118 poetae
2386 1054 2508 1102 non

260 1140 592 1223 ignobiles.
617 1139 866 1221 priscae
911 1138 1334 1222 simplicitatis
1378 1138 1784 1204 observantia
1851 1138 2133 1204 studiose
2198 1157 2509 1221 propaga-

263 1247 432 1324 runt,
480 1241 595 1307 sed
636 1242 819 1308 nobis
864 1242 1067 1307 otiosa
1107 1245 1177 1306 et
1219 1258 1694 1321 supervacanea
1747 1241 2041 1308 videntur
2103 1258 2325 1323 neque
2372 1241 2510 1323 pla-

263 1349 416 1411 cent
460 1344 668 1410 adhuc
711 1328 894 1408 blane
947 1342 1231 1407 Veilcken
1274 1336 1341 1408 et
1383 1342 1483 1406 his
1504 1338 1509 1344 ’
1528 1349 1969 1423 consentanea„
2037 1344 2266 1425 quibus
2309 1346 2512 1410 nostri

263 1447 365 1512 avi
382 1431 686 1514 delectati
711 1451 875 1512 sunt.
905 1484 976 1495 --
1007 1444 1270 1511 Meliore
1302 1443 1442 1509 iure
1488 1443 2012 1510 est‘Homericum
2052 1453 2211 1531 πῦρ
2258 1442 2455 1512 αἶθό
2475 1487 2508 1498 -

261 1573 532 1631 μενον,
578 1548 747 1631 quod
768 1547 1082 1613 Pindarus
1128 1543 1484 1629 καιόμενον
1528 1547 1688 1612 dixit
1716 1547 1898 1630 Pyth.
1942 1547 2036 1613 IV
2077 1546 2222 1630 400,
2270 1549 2508 1631 Sopho-
2574 1571 2581 1574 ·

261 1653 393 1718 cles
437 1650 701 1738 θερμόν
743 1651 890 1716 Ant.
937 1647 1093 1729 615,
1141 1647 1347 1713 cami
1381 1649 1558 1735 ἕρπω
1602 1649 1853 1715 Lucret.
1899 1650 1932 1716 I
1981 1640 2183 1732 1088,‘
2240 1651 2307 1717 II
2348 1651 2511 1733 4313

261 1755 331 1820 id
374 1755 541 1820 enim
587 1754 906 1835 emphasis
952 1751 1226 1834 speciem
1290 1752 1487 1818 habet
1551 1753 1647 1817 rei
1712 1750 2105 1835 significatae
2172 1759 2392 1838 aptum
2433 1772 2509 1821 ac

259 1858 514 1941 proprie
560 1858 805 1924 accedit
847 1855 929 1922 ad
974 1856 1230 1921 schema
1273 1854 1346 1922 ἐκ
1414 1850 1855 1944 παραλλήλου
1899 1856 2057 1923 alias
2104 1875 2181 1924 ex
2222 1855 2509 1940 professo
2628 1906 2640 1916 .

260 1960 680 2028 tractandum.

434 2165 534 2230 Ab
580 2165 1030 2230 adiectivorum
1072 2181 1194 2229 usu
1215 2163 1601 2245 pleonastico
1644 2182 1770 2230 non
1814 2165 1998 2248 longe
2028 2165 2226 2232 distat
2269 2184 2411 2249 app
2430 2188 2506 2234 o-

263 2267 455 2334 sitio
522 2267 1229 2333 substantivorum.
1315 2265 1565 2333 Natura
1608 2268 1864 2350 quidem
1909 2273 1976 2335 et
2016 2270 2179 2335 ratio
2230 2271 2321 2335 ita
2348 2255 2506 2353 'fem

264 2375 339 2434 ut
381 2364 707 2435 vocabulis
755 2370 1014 2435 disemis
1055 2374 1126 2435 et
1166 2369 1507 2451 polysemis
1572 2371 1907 2436 adficiatur
1970 2388 2196 2437 nomen
2241 2375 2507 2455 generis,

263 2474 367 2539 cui
414 2473 688 2555 quidque
733 2473 1087 2540 subiectum
1133 2478 1259 2551 est,
1328 2475 1619 2556 exempla
1661 2493 1853 2540 causa
1897 2469 2178 2554 ἀσπίδες
2243 2476 2322 2542 τὰ
2373 2477 2507 2559 ζῶα

215 2576 223 2583 ’
266 2577 527 2643 Aristot.
571 2575 715 2641 Mir.
762 2575 948 2641 Ausc.
995 2593 1044 2640 c.
1092 2574 1332 2640 CXXII
1373 2593 1432 2658 p.
1479 2571 1605 2642 842
1626 2628 1641 2656 ‚
1710 2572 1958 2663 ἆράχνη
2023 2576 2100 2643 τὸ
2148 2578 2314 2661 ζῶον
2359 2581 2507 2646 Dio-

229 2753 237 2762 &
276 2697 433 2746 scor.
479 2679 634 2743 Mat.
680 2677 745 2743 11
791 2675 890 2742 68.
942 2665 1060 2742 193
1106 2683 1174 2743 et
1214 2680 1464 2744 nomine
1510 2679 1711 2761 magis
1733 2680 2203 2763 circumscripto
2247 2682 2329 2747 τὰ
2379 2689 2506 2767 9η-

266 2778 384 2864 ρῖα
432 2778 498 2845 αὶ
545 2771 825 2856 ἀσπίδες
871 2780 1056 2844 Paus,
1102 2777 1194 2844 IX
1238 2781 1339 2845 22.
1384 2778 1531 2860 265,
1577 2799 1738 2863 quae
1782 2783 1963 2848 nobis
2006 2801 2131 2849 non
2171 2784 2508 2851 admodum

264 2882 636 2948 necessaria
680 2882 933 2948 videtur
978 2883 1245 2949 adiectio
1289 2902 1497 2965 neque
1539 2903 1654 2949 nos
1699 2885 1962 2952 dicimus
2008 2885 2196 2971 lupus
2249 2889 2506 2970 animal,
2604 2943 2615 2956 .
2736 2907 2748 2919 ⁸

266 2986 388 3050 etsi
431 2985 565 3066 lupi
630 3004 890 3051 nomen·
923 2985 1257 3067 permultis
1321 2986 1516 3051 rebus
1580 2987 1914 3069 tribuitur‚·
1980 2989 2095 3055 sed
2140 2989 2365 3056 Graeci
2432 3011 2509 3062 ea

262 3091 545 3168 utuntur,
583 3088 700 3168 *ubi
743 3107 823 3153 ne
868 3078 1212 3153 minimina‘
1237 3087 1493 3169 quidem
1537 3105 1732 3155 causa
1772 3095 1900 3156 est:
1946 3090 2084 3178 θὴρ
2132 3094 2319 3173 λέων,
2376 3099 2506 3181 θῆ-

264 3214 379 3275 ρες
423 3187 790 3274 πορδάλιες
833 3209 958 3256 non
1005 3191 1209 3255 solum
1252 3190 1422 3272 apud
1464 3197 1742 3274 poetaS‚·
1786 3211 1945 3275 quos
1996 3195 2062 3258 in
2104 3196 2333 3261 Parall.
2381 3194 2506 3262 266

261 3293 606 3373 nominavi,
679 3293 1034 3358 sed‘etiam
1097 3293 1165 3357 in
1230 3311 1454 3373 prosa:
1522 3294 1637 3381 τὴν
1711 3294 2057 3380 Καδμείαν
2114 3297 2518 3382 διέφθειρέν.

261 3391 598 3482 ἀλώπηξ
640 3393 715 3464 τὸ
766 3393 1011 3481 θηρίον
1053 3394 1339 3476 Apollod.
1385 3394 1418 3460 I
1460 3394 1520 3460 4.
1567 3394 1636 3477 6,
1704 3398 1827 3464 etsi
1870 3415 2055 3463 nemo
2098 3398 2177 3463 de
2222 3418 2337 3465 ave
2404 3401 2518 3484 vel,

190 3507 208 3524 ⁸
258 3498 433 3580 pisce
476 3498 568 3563 sic
610 3497 779 3562 dicto
802 3498 1122 3580 cogitabit,
1167 3498 1400 3562 nedum
1444 3498 1525 3563 de
1544 3500 1782 3565 morbo.
1872 3499 2172 3566 Similiter
2204 3501 2309 3566 ubi
2353 3519 2504 3567 aves

261 3605 720 3665 memorantur:
769 3594 997 3693 013⁶ng
1033 3594 1215 3686 ὅρνις
1258 3600 1375 3666 Od.
1420 3601 1577 3667 XIX
1599 3601 1747 3684 548,
1791 3602 2109 3686 Aristoph.
2158 3604 2311 3669 Avv.
2356 3604 2501 3688 515,

225 3699 463 3788 ’λάρος
516 3695 697 3788 ι’)’ρνις
727 3701 845 3767 Od.
902 3701 951 3768 V
993 3701 1099 3783 51,
1144 3695 1416 3787 ὄρνιθες
1460 3699 1765 3785 αἶγυπιυί
1805 3706 2026 3771 Il.VII
2070 3704 2172 3787 59,
2219 3699 2502 3791 ὅριςιθός
2576 3689 2583 3702 “

259 3799 511 3898 ἀηδοῦς
556 3801 743 3885 Soph.
767 3804 862 3869 Ai.
889 3802 1016 3869 628
1061 3810 1254 3887 atque
1300 3805 1460 3870 adeo
1504 3806 1568 3870 in
1614 3823 1901 3873 sermone
1944 3808 2263 3890 populari:
2312 3833 2501 3896 περι-

259 3904 460 3992 στερὰ
509 3900 546 3991 ἦ
594 3895 774 3988 &dmg
815 3906 1001 3972 PauS.
1043 3903 1200 3973 VIII
1243 3906 1301 3973 4.
1347 3907 1405 3988 3,
1450 3902 1492 3995 ἦ
1538 3904 1837 3992 κύμινδις
1858 3909 1933 3975 τὸ
1962 3904 2191 3996 ὄρνεον
2213 3911 2333 3978 Dio
2358 3911 2503 3979 Chr.

261 4008 373 4073 Or.
418 4005 480 4072 X
523 4026 583 4090 p.
631 4006 758 4072 303
799 4009 1012 4075 Reisk.
1058 4008 1235 4092 (172.
1279 4009 1510 4093 Emp.),
1556 4011 1772 4094 aquila
1817 4012 1956 4074 avie
2001 4024 2067 4077 et
2110 4014 2309 4078 multa
2335 4015 2502 4079 eius·

258 4111 406 4177 dem
450 4111 719 4192 generis,
764 4130 820 4175 v.
866 4110 1095 4176 Parall.
1140 4112 1183 4186 l,
1219 4120 1292 4191 c.'‚
1335 4130 1501 4192 quae
1541 4112 1715 4181 haud
1760 4113 1946 4179 aliter
1967 4133 2157 4195 quam
2194 4116 2504 4181 adiectiva

254 4212 492 4294 partim
536 4211 620 4278 ad
662 4210 1004 4292 explendos
1047 4231 1342 4278 numeros
1409 4215 1688 4295 poeticos
1754 4211 2204 4295 rhetorico,st
2267 4220 2500 4297 partim
2626 4239 2629 4242 ·

258 4319 522 4381 ornatus
569 4331 792 4393 causa,
838 4313 938 4378 vel
984 4313 1066 4379 ad
1110 4316 1584 4398 usurpationem
1627 4309 2022 4400 antiquitatis
2067 4317 2365 4386 adiuncta
2409 4320 2498 4387 vi-
