2946 4928
417 312 527 390 58,
1175 312 1730 381 mssERTArlo
1794 285 1901 381 vi.

418 478 710 543 stimonio
776 478 1061 559 quamvis
1128 478 1333 560 gravi,
1399 496 1524 561 quo
1589 479 1791 544 utitur
1834 478 2269 545 Antiatticista
2310 480 2377 545 in
2420 480 2656 554 Anecd.

419 580 618 646 Bekk.
663 598 722 662 p.
769 578 851 646 98
899 576 1181 646 Πλάτων
1235 578 1580 667 Θεαιτήτῳ
1647 579 1820 664 (169.
1865 581 1947 664 Β)
1999 580 2257 666 Μυριόι
2296 575 2658 668 Ἡρακλέες

423 682 529 749 καὶ
583 684 766 770 Θησέ
769 708 863 760 ες,
932 684 1000 749 id
1064 684 1231 749 enim
1295 689 1597 767 tanquam
1652 687 1906 750 en'orme
1951 683 2252 766 quiddam
2306 685 2658 767 exsignant.

421 787 616 852 Attici
681 787 1000 868 gentilicia
1065 789 1165 857 vel
1219 792 1293 851 ut
1357 788 1543 868 vulgo
1597 787 1662 852 in
1709 787 1779 858 Ξῖ
1823 785 2202 852 contrahunt
2265 787 2365 852 vel
2429 787 2496 852 in
2558 787 2654 853 di-

423 889 815 970 phthongum
880 889 1287 970 impropriam
1318 891 1620 977 ’Δωριῇῶ
1686 890 1787 956 vel
1841 890 1905 954 in
1961 889 2240 954 vocalem
2306 889 2653 972 simplicem

418 995 711 1078 Δωριῆς,
757 991 875 1057 hoc
920 997 1134 1057 autem
1177 1011 1256 1056 ex
1297 992 1512 1058 Ionico
1532 996 1837 1078 Δωριῆες
1883 996 2276 1072 compactum
2296 995 2539 1073 putant,
2585 997 2661 1058 ut

423 1096 742 1181 Μεγαρῆς
788 1093 1062 1176 Thucyd.
1118 1114 1193 1159 ex
1253 1098 1616 1177 Μεγαρῆες.
1713 1094 1923 1175 Atque
1977 1093 2141 1158 hanc
2196 1093 2657 1176 gentiliciorum

419 1198 822 1278 scriptionem
845 1197 1202 1262 criticorum
1244 1197 1530 1285 plerique
1574 1197 1942 1279 approbant,
1986 1197 2135 1276 iota,
2182 1198 2348 1278 quod
2376 1198 2441 1262 in
2475 1197 2656 1263 codd.

419 1305 485 1365 et
530 1299 669 1365 edd.
717 1300 1084 1381 saepissime
1130 1297 1470 1381 suffigitur,
1518 1300 1690 1365 haud
1735 1299 1953 1365 timide
1998 1304 2454 1381 expungentes:
2505 1305 2657 1365 Δω-
2739 1309 2744 1314 ·

416 1407 585 1490 ριῆς,
643 1405 931 1489 Θεσπιῆς
975 1407 1093 1467 etc.
1158 1401 1419 1483 perinde
1463 1407 1538 1465 ut
1580 1402 1963 1484 appellativa
2003 1404 2279 1488 χαλκῆς,
2325 1405 2551 1489 νομῆς,
2599 1422 2657 1469 v.

418 1506 501 1571 ad
543 1506 641 1588 Aj.
684 1525 741 1570 v.
794 1503 932 1571 188.
1019 1504 1116 1569 De
1160 1504 1279 1569 hac
1322 1503 1556 1585 triplici
1598 1505 2123 1573 nominativorum
2167 1503 2659 1572 conformatione

416 1607 722 1675 habemus
768 1606 1186 1673 Choerobosci
1228 1612 1637 1688 praeceptum
1702 1608 1768 1672 in
1810 1606 1954 1672 ΕΜ.
1998 1606 2143 1673 473.
2191 1607 2275 1673 38
2330 1602 2369 1695 ἦ
2416 1632 2490 1675 ει
2466 1602 2654 1675 ἰθεῖα

417 1715 547 1776 τῶν
591 1707 684 1790 εἷς
728 1748 816 1789 ευς
860 1709 1100 1798 κυρίων
1149 1709 1226 1774 τὰ
1277 1705 1533 1833 δύος*
1461 1745 1515 1780 ss,
1578 1706 1672 1788 εἷς
1715 1710 1829 1794 τὴν
1887 1712 1948 1783 {I
1995 1714 2184 1799 κιρνᾷ
2228 1706 2478 1794 μόνως,
2549 1709 2658 1777 ἐπὶ

420 1814 492 1881 δὲ
539 1818 666 1887 τῶν
708 1815 800 1899 μὴ
869 1810 1109 1898 κυρίων
1156 1808 1313 1907 παρ’
1376 1807 1529 1896 ἡμῖν
1571 1814 1693 1895 μὲν
1737 1809 1830 1891 εἷς
1873 1816 1988 1900 τὴν
2036 1850 2079 1885 ε
2102 1814 2354 1897 ,παρὰ
2403 1813 2474 1880 δὲ
2520 1818 2661 1891 τοῖς

342 1942 353 1946 ”
413 1912 804 2005 Ἀθηναίοις
848 1940 939 1994 εις
987 1941 1060 1979 το
1105 1918 1167 1999 ἦε
1213 1914 1516 1996 βασιλέες
1556 1917 1872 1995 βασιλεῖς,
1919 1918 2205 1999 βασιλῖς
2246 1911 2546 1993 vizands,
2592 1920 2660 1981 et

415 2020 628 2101 paullo
674 2017 953 2083 strictius
997 2019 1062 2083 in
1109 2016 1259 2082 Can.
1286 2016 1429 2083 217.
1451 2053 1523 2063 -—-
1553 2016 1841 2083 Vocativi
1886 2016 2220 2099 singularis
2265 2035 2462 2084 unum
2505 2017 2653 2083 sub-

418 2123 580 2202 dam,
649 2122 763 2187 sed
803 2121 1073 2186 maxime
1118 2118 1524 2184 memorabile
1569 2121 1923 2202 exemplum
1966 2120 2235 2186 nominis
2279 2120 2346 2185 in
2390 2121 2471 2204 ’ἧῖ
2512 2138 2656 2201 pro-

354 2238 357 2241 ’
416 2226 537 2307 prii
585 2216 638 2290 ὦ
676 2220 1059 2311 Ἡράκλεες,
1130 2241 1252 2303 quo
1296 2223 1523 2304 tragici
1565 2227 1847 2303 utuntur,
1915 2242 2057 2289 cum
2103 2222 2411 2288 similibus
2450 2218 2656 2290 Ἐτεό-

417 2330 601 2405 κλεες
665 2332 782 2417 etc.
909 2321 1256 2420 Ἡράκλεις
1323 2343 1446 2417 usu
1512 2328 1825 2392 communi
1891 2326 2202 2392 sancitum
2267 2326 2652 2408 tertiumque

401 2428 750 2517 ‘'Hpanleg,
797 2429 963 2512 quod
1006 2428 1457 2494 interiectionis
1503 2430 1629 2494 vim
1674 2429 1884 2510 habet,
1929 2449 1985 2494 v.
2030 2427 2176 2494 Phr.
2223 2427 2365 2494 640.
2406 2466 2476 2477 —-
2528 2428 2656 2496 No-

416 2533 689 2602 minibus
732 2534 904 2600 hisce
950 2532 1350 2616 adiungenda
1395 2538 1543 2597 sunt
1575 2518 1784 2613 verba,
1832 2533 1910 2598 de
1941 2532 2168 2614 quibus
2193 2532 2375 2597 docte
2399 2532 2660 2598 disserit

414 2636 786 2702 Heraclides
810 2637 979 2718 apud
989 2634 1395 2700 Eustathium
1413 2633 1689 2700 1892.4Ο
1713 2634 1788 2700 τὸ
1806 2630 1962 2719 παρ’
1980 2629 2134 2721 ἡμῖν
2158 2632 2245 2699 ἔτι
2260 2640 2338 2701 λε
2355 2660 2377 2700 ι
2402 2632 2513 2701 καὶ
2539 2632 2655 2725 ἔῤ·

416 2743 538 2825 ρει
574 2739 755 2826 παρὰ
791 2731 1157 2818 τοῖςἼωσιν
1182 2735 1470 2803 ἔπλεεν
1508 2735 1782 2826 ἔρρεεν
1808 2738 2200 2824 τεμνομένης
2219 2739 2338 2823 τῆς
2370 2733 2656 2826 διφθόγ-

415 2868 553 2926 γον,
604 2840 787 2927 παρὰ
834 2842 906 2909 δὲ
952 2844 1089 2917 τοῖς
1112 2841 1504 2924 Δωριεῦσιν,
1553 2828 1643 2905 ὧν
1686 2846 1765 2929 τῇ
1814 2842 2138 2925 διαλέκτῳ
2185 2839 2296 2905 καὶ
2343 2835 2407 2905 οἶ
2434 2834 2650 2904 Ἀττι-

416 2946 519 3009 κοὶ
542 2948 843 3026 χρῶνται,
891 2942 970 3008 τὰ
1000 2939 1114 3016 δύο
1143 2943 1197 3012 Z}
1221 2938 1373 3028 εἷςῆ
1403 2948 1837 3027 συναιρεῖταιε
1884 2939 2159 3032 ἕπλην,
2207 2941 2471 3030 ἔρῤην.
2513 2944 2660 3008 —Ina

415 3048 629 3112 Attica
649 3065 813 3128 quae
836 3046 1065 3111 dicitur
1109 3048 1468 3111 terminatio
1503 3064 1692 3127 quam
1738 3065 1927 3127 saepe
1950 3065 1990 3110 a
2014 3044 2424 3127 scriptoribus
2447 3046 2659 3110 minus

416 3149 799 3232 scrupulosis
844 3147 1133 3229 neglecta
1176 3150 1285 3227 sit,
1348 3150 1430 3213 ad
1464 3148 1618 3212 Phr.
1665 3148 1791 3213 222
1838 3151 1903 3213 et
1948 3147 2028 3212 ab
2074 3148 2214 3213 aliis
2262 3148 2649 3214 demonstra-

416 3257 553 3318 tum
597 3258 712 3330 est,
781 3270 906 3316 non
950 3250 1153 3315 solum
1195 3251 1261 3316 in
1305 3248 1691 3332 imperfecto,
1760 3250 1875 3315 sed
1920 3250 2111 3314 etiam
2156 3250 2220 3315 in
2264 3251 2655 3332 imperativo,

414 3357 592 3421 cuius
638 3354 952 3437 duplicem
972 3385 979 3388 ι
997 3354 1270 3435 speciem
1295 3352 1610 3418 Homerus
1633 3370 1757 3417 uno
1792 3353 2096 3417 conclusit
2128 3371 2317 3417 versu
2351 3353 2421 3416 11.
2447 3352 2509 3418 X
2530 3351 2658 3418 249

413 3455 558 3545 μήτ’
611 3455 783 3524 αἴνεε
828 3454 993 3543 μήτε
1039 3482 1102 3521 τι
1150 3455 1368 3522 νείκει.
1457 3456 1637 3521 Idem
1680 3474 1794 3536 pro
1820 3458 1907 3526 ἐἷ
1931 3450 2258 3520 substituit
2301 3457 2333 3540 ἦ
2377 3455 2441 3518 in
2463 3456 2660 3520 tertia

278 3624 283 3627 ,
412 3579 684 3643 persona
725 3557 1324 3651 plusquamperfecti
1367 3552 1455 3646 ᾔδ
1461 3585 1499 3645 η
1514 3608 1530 3637 ,
1601 3559 1668 3623 in
1712 3577 1834 3639 quo
1876 3557 2020 3623 libri
2066 3558 2473 3638 concordant,
2543 3558 2658 3623 sed

412 3663 480 3728 id
527 3660 999 3728 Choeroboscus
1045 3659 1170 3725 562
1217 3679 1307 3742 sq.
1373 3666 1567 3743 negat
1633 3661 1964 3733 convenire
2022 3679 2164 3725 cum
2209 3661 2477 3725 dialecto
2521 3659 2655 3724 Ho-

324 3853 329 3856 .
412 3767 572 3831 meri
614 3765 894 3846 propria:
935 3758 1432 3849 Ἀριστάρχειόν
1479 3764 1617 3830 ἐστι
1664 3763 1737 3828 τὸ
1788 3759 2165 3850 ἁμάρτημα·
2225 3757 2258 3825 ὃ
2309 3763 2430 3847 γὰρ
2471 3757 2655 3848 Ἀρί-

414 3893 691 3951 σταρχος
730 3864 922 3944 εἰδώς
965 3870 1162 3931 τοῦτο
1212 3867 1284 3931 τὸ
1333 3863 1581 3948 ἰδίωμα
1627 3871 1742 3953 τῆς
1784 3865 1934 3943 νέας
1956 3861 2274 3943 ’Λτθίδος
2309 3860 2654 3948 ὑπάρχειν,

415 3974 576 4057 λέγω
645 3971 718 4045 δὲ
784 3967 1004 4054 τρίτου
1072 3965 1481 4053 προσώπου,
1554 3964 1671 4033 οὐκ
1740 3963 2022 4055 ὤφειλεν
2089 3971 2271 4034 ἐᾶσαι
2333 3967 2513 4053 παρὰ
2560 3971 2657 4053 τῷ

312 4150 325 4164 ,
416 4076 664 4160 ποιητῇ
712 4065 850 4137 ἷίντι
895 4075 1011 4157 τῆς
1057 4073 1357 4149 παλαιᾶς
1400 4067 1737 4153 Ἀτθίδος,
1786 4068 1861 4136 cf.
1906 4068 2049 4135 EM.
2085 4067 2229 4135 419.
2269 4069 2363 4148 10,
2410 4088 2486 4134 ex
2531 4087 2656 4152 quo

415 4175 709 4257 colligere
754 4173 1033 4253 videtur,
1101 4173 1540 4238 Aristarchum
1612 4164 1763 4262 ᾔδει
1832 4172 2107 4236 scribere
2152 4171 2463 4237 debuisse.
2555 4171 2659 4236 Ad

414 4278 680 4345 eandem
724 4283 947 4361 tropen
990 4278 1267 4362 pertinet
1309 4273 1746 4360 imperfectum
1768 4280 1906 4363 κνῆ,
1953 4276 2009 4340 si
2041 4274 2106 4340 id
2127 4293 2240 4358 pro
2264 4276 2398 4360 κνέᾳ
2424 4274 2653 4359 (ἔκνε-ι)
