2946 4928
413 287 499 356 96
1187 289 1744 358 DISSERTATIO
1807 289 1916 358 'vl

417 447 746 540 λεώφιλος
786 452 852 517 111
896 451 1129 517 Α161111.
1172 452 1277 518 Fr.
1324 451 1488 518 CXC
1532 452 1860 536 (LXXIII)
1911 458 2014 519 ter
2053 453 2396 537 repetitum
2440 457 2507 518 et
2549 471 2652 518 or·

416 555 560 621 dine
602 556 851 620 inverso
877 557 1234 634 Μενέλεως
1269 556 1439 637 apud
1484 558 1773 638 tragicos
1804 593 1875 604 —
1904 557 2112 622 Litem
2133 555 2373 621 faciunt
2395 556 2654 637 genitivi

415 658 850 724 declinationis
893 640 1138 740 primae'
1178 659 1390 724 Ionici.
1512 660 1718 726 Hodie
1775 661 2029 747 deserta
2095 663 2195 724 est
2246 659 2651 724 metricorum

418 762 811 842 quorundam
854 761 1079 843 opinio,
1112 758 1521 849 Πηληιάδεω
1566 764 1659 828 ita
1699 763 2180 845 pronunciatum
2224 776 2385 840 esse,
2430 765 2503 825 ut
2545 780 2652 826 vo-

416 865 678 929 cales*
637 903 670 948 η
723 868 887 929 et
929 865 993 928 in
1038 882 1229 929 unam
1273 871 1500 930 coeant
1543 865 1878 948 syllabam,
1925 864 2166 953 epsilon
2210 868 2423 928 autem
2468 881 2653 929 suum

414 967 737 1064 proprium
782 984 1005 1031 sonum
1046 967 1337 1059 retineat,
1405 987 1460 1032 v
1509 967 1769 1033 Trichas
1812 986 1872 1048 p.
1916 964 2017 1046 44,
2064 982 2268 1046 neque
2312 965 2378 1030 id
2424 963 2652 1031 confir-

412 1070 575 1134 mari
641 1074 855 1150 potest
916 1074 1131 1134 vetere
1196 1068 1463 1134 lectione
1535 1068 1652 1135 Od.
1697 1067 1919 1134 XXIII
1961 1068 2086 1134 322
2135 1062 2235 1154 ἠδ’
2286 1062 2376 1144 ὡς
2414 1062 2654 1134 Ἀΐδεω

417 1168 622 1255 δόμον
667 1166 948 1258 ἤλυθεν,
1015 1189 1161 1236 nam
1204 1170 1307 1235 hic
1351 1190 1516 1237 nunc
1561 1191 1637 1237 ex
1680 1172 1857 1237 Harl.
1901 1175 2225 1252 receptum
2268 1175 2367 1235 est
2412 1165 2513 1258 ἧδ’
2565 1166 2658 1249 ὠς

280 1280 283 1285 “
374 1292 379 1297 ·
418 1271 514 1351 εἷς
552 1269 804 1355 Ἀιὸεω,
850 1293 972 1355 quo
1016 1274 1250 1339 vocalis
1280 1274 1427 1339 huic
1449 1274 1878 1339 terminationi
1898 1275 2154 1357 propria
2177 1274 2259 1339 ad
2281 1279 2654 1339 consuetum

414 1378 598 1443 redit.
686 1368 1067 1442 Incolumem
1113 1377 1389 1442 servavit
1411 1374 1831 1442 Callimachus
1874 1378 1940 1442 in
1982 1381 2377 1459 pentametro
2423 1380 2534 1441 νῦν
2581 1376 2657 1443 δὲ

415 1478 916 1566 Διοσκουρίὸεω
964 1476 1145 1565 γενεή
1180 1480 1285 1544 Fr.
1322 1478 1568 1545 CXCII.
1660 1478 1786 1545 Sed
1830 1468 2082 1561 saepius
2127 1478 2201 1544 fit
2244 1478 2659 1545 antecedente

415 1583 615 1648 vocali
634 1583 1010 1664 praesertim
1054 1584 1213 1660 iota:
1237 1580 1579 1669 Σμερὸίεω
1627 1580 1923 1647 Simonid.
1946 1582 2137 1647 Anth.
2159 1581 2283 1647 VH
2306 1581 2407 1662 25,
2454 1583 2656 1667 γαλα-

416 1684 594 1767 ξιέω,
658 1684 732 1750 61.
776 1684 1044 1750 Ε16111111.
1088 1684 1121 1749 I
1164 1681 1322 1764 256,
1366 1688 1513 1767 post
1557 1685 1799 1766 epsilon
1841 1703 1994 1750 vero
2036 1685 2365 1750 abiicitur:
2413 1684 2655 1774 Βορέω

308 1806 317 1813 ·
416 1794 550 1868 etc„
597 1809 652 1854 v.
698 1788 964 1853 Bredov.
1009 1786 1172 1852 Dial.
1208 1787 1442 1852 Herod.
1477 1785 1603 1854 219
1628 1787 1708 1870 *).
1739 1825 1809 1835 —
1841 1786 2276 1854 Genitivorum
2317 1788 2659 1870 pluralium

414 1894 592 1980 varia
634 1911 749 1974 pro
794 1890 1095 1972 cuiusque
1139 1890 1361 1955 habitu
1405 1888 1678 1957 conform
1686 1891 1830 1955 atio.
1919 1890 1994 1954 In
2038 1889 2450 1956 substantivis
2494 1882 2655 1973 pure

416 1994 791 2060 exeuntibus
857 1993 1097 2076 epsilon
1160 2011 1301 2058 cum
1367 1994 1568 2058 vocali
1631 1991 1807 2058 finali
1850 1993 2265 2078 contrahitur:
2336 1999 2657 2081 παρειῶν,

416 2100 707 2174 κλισιῶν,
774 2097 1084 2182 quomodo
1148 2116 1314 2163 nunc
1379 2096 1636 2178 quidem
1700 2094 1996 2161 scribitur
2058 2116 2173 2179 pro
2216 2097 2543 2178 κλισιέων,
2589 2103 2659 2163 et

414 2200 627 2282 vulgo.
666 2201 731 2265 in
775 2199 854 2264 H.
899 2199 978 2264 H.
1023 2199 1088 2263 in
1133 2198 1271 2265 Cer.
1315 2197 1459 2265 313.
1579 2198 1935 2263 Anteeunte
2001 2217 2275 2265 consona
2337 2200 2657 2267 Homerus

416 2303 659 2385 epsilon
678 2321 795 2383 per
839 2302 1151 2385 synizesin
1174 2301 1386 2369 effert:
1435 2296 1756 2376 ὀθονέων,
1803 2299 2153 2387 ἐφετμέων,
2176 2303 2438 2391 θυρέων
2470 2309 2537 2369 et
2566 2305 2662 2370 sic

418 2405 680 2472 πυλέων
704 2423 952 2488 quoque
997 2411 1258 2488 excepto
1279 2406 1352 2472 Il.
1376 2403 1556 2472 VII1
1610 2396 1699 2485 ὣς
1743 2400 1954 2473 εἰπὼν
1975 2404 2247 2486 πυλέων,
2292 2406 2400 2473 ubi
2443 2408 2655 2491 trisyl-

413 2508 629 2573 labum
673 2513 788 2588 est,
834 2508 1002 2591 quod
1026 2508 1429 2575 Thierschius
1450 2508 1736 2591 exemplo
1759 2508 2051 2591 ambiguo
2074 2505 2208 2588 6³5²
2170 2509 2385 2596 αρέων
2405 2509 2660 2598 μητρός

397 2611 723 2678 adversus
742 2611 1100 2677 Bentleium
1144 2611 1440 2678 defendit.
1531 2611 1756 2678 Crasin
1799 2611 1993 2677 subiit
2015 2611 2216 2700 ῥιζῶν
2205 2612 2309 2678 Il.
2332 2613 2486 2678 XXI
2507 2612 2656 2696 243,

419 2732 534 2779 nec
577 2714 847 2779 mutavit
868 2713 1250 2794 DindorfiuS,
1295 2691 1627 2780 Bekkerus
1675 2733 1823 2780 vero
1868 2732 2009 2779 cum
2056 2713 2386 2797 Spitznero
2431 2715 2657 2806 ῥιζέων

416 2821 636 2883 contra
701 2817 963 2901 codices.
1073 2816 1274 2882 Nemo
1341 2818 1701 2883 sollicitavit
1768 2820 2009 2900 δμωῶν
2055 2816 2170 2883 Od.
2216 2817 2371 2882 XIX
2422 2818 2541 2882 120
2588 2823 2659 2883 et

414 2921 699 2998 Σκαιῶν,
767 2919 935 3000 quod
987 2924 1221 2984 natura
1262 2919 1640 2985 adiectivum
1693 2923 1808 2985 est.
1940 2920 2188 2986 Pariter
2253 2926 2660 2988 controversa

417 3025 567 3087 sunt
610 3021 936 3086 adjectiva.
968 3099 977 3104 ,
1026 3020 1314 3103 Oxytona
1355 3021 1611 3103 quidem
1655 3022 1720 3086 in
1763 3021 2061 3088 feminino
2087 3042 2317 3105 genere
2340 3024 2658 3107 accipiunt
2723 3109 2730 3114 ·

416 3124 657 3206 epsilon
722 3123 994 3204 ‘synizesi
1059 3124 1492 3190 obscuratum:
1541 3119 1795 3192 αὐτέων
1837 3126 1909 3191 11.
1962 3126 2089 3191 XII
2133 3124 2278 3208 424,
2348 3126 2657 3194 πολλέων

371 3283 385 3288 -
414 3226 478 3294 Π
510 3225 623 3291 131
654 3231 788 3305 etc..
815 3227 1159 3309 eodemque
1184 3226 1588 3292 Thierschius
1611 3230 1931 3294 revocavit
1954 3226 2274 3316 ἀργεννῶν
2297 3229 2513 3295 XVIII
2525 3229 2656 3295 529
2729 3267 2740 3271 -

415 3329 884 3394 obsecundante
928 3329 1252 3410 Bekker03
1317 3329 1626 3394 intactum
1693 3331 1931 3396 adhuc·
1963 3328 2154 3416 ἱερῶν
2212 3329 2350 3398 ἀπὸ
2397 3333 2659 3421 πηγέων

415 3431 495 3497 Η.
540 3431 620 3497 Η.
664 3432 731 3496 111
777 3432 979 3513 Apoll.
1025 3432 1171 3513 263,
1216 3434 1502 3500 σκολιῶν
1548 3432 1622 3500 δὲ
1668 3436 1870 3501 δικῶν
1912 3435 2060 3518 (sic)
2104 3435 2255 3500 HeS.
2302 3433 2461 3516 Opp.
2501 3433 2654 3515 264,

417 3534 530 3599 sed
576 3534 746 3615 apud
787 3535 1133 3601 Homerum
1177 3537 1385 3617 ipsum
1427 3536 1501 3601 Il.
1546 3537 1603 3602 V
1626 3537 1754 3603 818
1797 3555 2000 3620 nuper
2044 3537 2394 3602 Aristarchi
2437 3543 2654 3603 aucto-

414 3637 605 3701 ritate.
674 3631 817 3702 dm?
864 3634 961 3703 ἔτι
1021 3640 1187 3705 σέων
1241 3649 1567 3726 μέμνημαι
1632 3639 1963 3728 ἐφετμέων
2030 3641 2352 3707 subditum
2396 3646 2496 3707 est
2537 3660 2656 3723 pro

416 3743 579 3822 σῶν,
649 3740 854 3808 simile
918 3742 1260 3807 masculino
1325 3743 1710 3824 pronominis
1753 3743 2200 3824 interrogativi,
2232 3737 2288 3808 ιῖί
2327 3768 2446 3828 μοι
2499 3740 2654 3827 ἐγώ,

416 3842 581 3911 τέων
628 3838 785 3911 αὖτε
828 3849 1091 3933 βροτῶν
1132 3844 1199 3923 ἐς
1242 3849 1430 3931 γαῖαν
1476 3842 1706 3928 iudam
1753 3846 1869 3912 Od.
1912 3841 2022 3911 VI
2052 3843 2197 3927 119,
2240 3846 2399 3912 XIII
2442 3846 2570 3912 200
2615 3847 2684 3912 a‘

555 4104 612 4171 ἢ)
665 4106 723 4157 Ε
748 4119 930 4157 numer
900 4121 960 4156 ro
995 4103 1253 4169 „fortasse
1287 4105 1681 4161 addendorum“
1736 4104 1833 4160 huc
1857 4106 2109 4176 pertinet.
2163 4109 2283 4171 ,,αΘ
2270 4102 2393 4161 ‘lem
2428 4115 2653 4161 accentu

414 4195 674 4245 retroacto
709 4193 1009 4246 Buttmann.
1053 4194 1100 4255 §-
1126 4179 1205 4284 52
1241 4212 1293 4261 p.
1328 4190 1435 4249 226
1470 4187 1645 4261 (Ἴδεω
1681 4196 1855 4261 Hom„
1912 4193 2111 4249 Μίδεω
2145 4194 2384 4260 Herodq)
2440 4196 2533 4247 sed
2567 4210 2653 4246 re·

412 4285 618 4345 pugnat
648 4279 894 4350 Βορέω“.
