2946 4928
745 349 754 353 ·
871 330 986 396 nn
1030 328 1433 397 APOOOPE.
1526 329 1592 397 o.
1635 297 1752 397 111.
1798 332 1834 416 ς
1879 330 1939 396 3.
2414 329 2552 398 ‘293
2651 329 2655 333 ’

301 492 529 583 τρόχις
571 498 710 575 etc„
765 514 822 559 v.
868 492 1055 560 Proll.
1101 493 1246 575 507,
1292 502 1491 577 genus
1553 494 1816 560 tertium
1878 512 1984 559 res
2047 494 2190 576 ipsa
2256 494 2550 577 excludit,

302 595 546 684 τρόφις
588 614 740 664 vero
784 597 866 662 ad
908 615 1032 662 res·
1057 598 1437 664 inanimatas
1460 594 1840 663 translatum
1885 616 2105 663 earum
2148 616 2347 679 genus
2371 594 2552 679 sequi

302 701 579 781 cogitur3
626 716 700 765 ac
744 701 799 764 si
841 700 1027 764 huius
1057 701 1365 765 ‘motionis
1422 701 1710 782 exempla
1777 701 2033 781 desunt,
2098 719 2224 766 non
2291 700 2550 766 minoris

300 802 676 868 insolentiae
721 807 821 867 est
864 820 1138 883 apocope
1174 803 1468 868 adjectivi
1513 800 1858 890 τρόφιμος,
1907 820 2032 883 quo
2075 803 2213 884 ipso
2234 803 2550 868 Homerus

300 923 624 987 nunquam
666 904 886 969 utitur.
936 941 1006 952 -—
1065 904 1193 970 Sed
1235 905 1484 986 longius
1530 907 1722 970 etiam
1767 923 1959 987 quam
2001 900 2204 991 τρόφι
2251 904 2330 969 ab
2362 903 2554 970 affec-

300 1009 491 1074 tionis
522 1008 729 1090 specie
788 1009 1140 1075 seiunctum
1185 1012 1286 1074 est
1330 1002 1553 1090 ἄλφι,
1623 1008 1792 1090 quod
1839 1026 1879 1072 a
1923 1006 2231 1073 Strabone
2275 1011 2342 1073 et
2382 1007 2550 1089 glos-

291 1109 634 1192 sographis
679 1109 803 1176 huc
844 1109 1146 1190 refertur3
1190 1129 1339 1176 nam
1385 1110 1546 1174 iuud
1589 1111 1785 1176 semel
1827 1109 2078 1191 legitur,
2122 1110 2242 1174 hoc
2278 1111 2550 1192 saepius,

299 1219 371 1279 et
413 1212 493 1278 ab
537 1213 1111 1280 homoeocatalecto
1157 1214 1301 1295 μέλι
1348 1212 1465 1277 hoc
1507 1231 1702 1277 unum
1735 1210 1973 1293 differt,
2020 1213 2188 1295 quod
2229 1217 2404 1280 caret
2448 1231 2551 1279 ca-

299 1315 478 1380 sibus
520 1315 888 1397 imparibuS.
942 1353 1011 1364 -
1062 1316 1401 1382 Nominum
1451 1302 1963 1381 heteroclitorum
1980 1366 1995 1395 ,
2063 1333 2227 1397 quae
2280 1315 2449 1381 inter
2470 1317 2536 1401 «ἶ,

298 1423 369 1484 et
409 1421 531 1504 {132}
573 1417 884 1484 fluctuant
911 1468 926 1498 ,
992 1418 1171 1500 copia
1213 1419 1464 1500 ingens,
1534 1417 1649 1487 sed
1689 1435 1887 1482 unum
1953 1417 2156 1483 solum
2224 1436 2368 1483 cum
2432 1417 2553 1485 hac
2639 1443 2645 1447 ·

213 1580 220 1587 .
298 1522 670 1603 quaestione
715 1521 1087 1602 implicitum
1130 1525 1257 1586 eSt:
1305 1519 1380 1613 τὸ
1428 1511 1627 1605 αῗῖξη
1682 1515 1746 1585 οἱ
1788 1519 1908 1602 μὲν
1951 1522 2392 1603 βαρυτονοῦσι
2440 1520 2550 1588 λέ-

299 1644 525 1709 γοντες
571 1617 1066 1711 ἀποκεκόφθαι.
1149 1620 1566 1709 Ἱῐρωδιανός
1612 1620 1687 1689 δὲ
1731 1626 2076 1708 συνηγορεῖ
2117 1626 2258 1700 τοῖς
2323 1618 2550 1700 ὀξυτο-

300 1714 487 1792 rofio:
525 1725 800 1807 Theogn.
826 1724 977 1790 Gan.
1027 1725 1164 1792 116.
1210 1724 1280 1806 4;
1328 1725 1686 1808 oxytonesis
1732 1728 1945 1789 autem
1991 1724 2228 1790 directe
2272 1725 2550 1791 excludit
2627 1779 2653 1791 -

302 1846 627 1910 apocopen
640 1878 655 1908 ,
700 1846 826 1909 qua
869 1829 1207 1910 repudiata
1250 1828 1534 1894 succedit
1575 1827 2232 1893 metaschematismus
2245 1879 2260 1909 ‚
2307 1847 2386 1894 ex
2429 1844 2554 1911 quo

298 1932 470 1997 idem
512 1931 579 1995 in
622 1929 856 1996 Ane'cd.
904 1930 1098 1997 Oxon.
1144 1931 1213 1996 T.
1258 1930 1358 1996 ΙΠ
1400 1928 1546 1996 249.
1593 1929 1633 1995 5
1677 1928 2008 2012 triSyHaba
2074 1923 2366 2018 αὔξησις,
2434 1924 2548 1997 ὅν-

300 2038 509 2120 θησις
554 2037 768 2098 cetera
810 2039 952 2099 orta
995 2038 1198 2116 putat.
1295 2031 1491 2104 Plura
1556 2031 1636 2098 de
1701 2033 1828 2098 hoc>
1886 2037 2020 2097 toto
2086 2051 2318 2114 genere
2384 2034 2553 2100 dicta

299 2139 455 2200 sunt
494 2135 564 2200 in
603 2134 793 2201 Proll.
843 2135 921 2200 16
968 2141 1034 2201 et
1074 2136 1294 2201 Rhem.
1341 2132 1468 2199 267
1516 2152 1667 2216 seq.,
1735 2133 1808 2200 cf.
1855 2134 2229 2219 Bernhardy
2275 2137 2355 2201 ad
2399 2136 2550 2201 Dio-

299 2253 437 2320 nys,
481 2255 542 2318 p.
596 2235 790 2317 1015,
856 2236 1135 2304 Nitzsch.
1202 2237 1285 2303 ad
1330 2235 1557 2319 Odyss.
1602 2236 1698 2303 IX
1740 2237 1800 2302 8.
1851 2275 1948 2295 -.
2003 2235 2318 2325 Γλάφυ,
2386 2239 2556 2320 quod

299 2339 587 2405 nonnulli
628 2339 754 2405 huc
793 2338 1206 2418 inculcarunt,
1265 2339 1394 2404 iam
1438 2339 1881 2421 Moschopolus
1946 2359 2075 2406 una
2141 2359 2285 2406 cum
2349 2341 2555 2416 vicino

301 2441 519 2510 σκέπα
562 2443 1053 2525 circumscripsit
1098 2442 1181 2509 ad
1224 2441 1376 2510 Hes.
1423 2441 1584 2525 Opp.
1629 2440 1749 2508 531
1813 2440 1888 2509 tc)
1939 2437 2162 2529 γλάφυ
2228 2438 2303 2510 οὗ
2372 2445 2558 2511 δοκεῖ

301 2542 670 2634 ἀποκοπὴν·
708 2544 907 2628 ἔχειν,
954 2540 1096 2612 ἀλλ’
1144 2542 1633 2634 ἐσχηματίσθαι
1679 2540 1816 2613 ἀπὸ
1862 2549 1981 2612 τοῦ
2026 2542 2267 2632 γλάφω
2315 2541 2406 2625 ὡς
2472 2546 2549 2612 τὸ

296 2642 514 2736 δάκρυ
560 2644 700 2714 ἀπὸ
748 2651 866 2714 τοῦ
912 2645 1202 2735 δακρύω,
1263 2668 1469 2732 neque
1516 2668 1633 2731 ego
1698 2638 2153 2731 meminissem,
2220 2643 2354 2715 nisi'
2407 2649 2554 2716 hinc

301 2755 478 2817 esset
519 2750 828 2817 transitus
873 2752 955 2817 ad
999 2753 1269 2820 alterum
1313 2771 1512 2835 genus
1538 2752 2069 2831 terminationum,
2116 2752 2286 2834 quod
2329 2771 2406 2818 ex
2444 2771 2551 2819 vo·-

300 2854 424 2920 cali
469 2858 535 2919 et
575 2870 850 2919 consona
893 2858 1141 2920 constat
1150 2855 1231 2938 *).
1291 2854 1423 2932 ,Ad
1473 2854 1594 2920 hoc
1658 2855 1826 2920 enim
1890 2855 2168 2935 pertinet
2237 2856 2553 2937 posterius

299 2974 547 3037 nomen,
614 2955 698 3022 de
715 2975 864 3039 ‘quo
906 2956 1284 3023 Eustathius
1330 2958 1476 3023 217.
1524 2956 1563 3022 3
1610 2957 1701 3022 sic
1764 2958 2077 3040 disputat:
2144 2956 2223 3024 τὸ
2291 2959 2332 3024 ὁ
2343 2955 2384 3023 ά
2405 2955 2496 3045 κ’(ι
2513 2984 2553 3024 υ
2582 2996 2607 3006 κ

298 3055 662 3144 ἀποκοπὴν
706 3061 939 3125 παθὸν
982 3055 1197 3126 οὐκέτι
1242 3064 1518 3126 κινεῖται
1564 3054 1663 3138 εἷς
1706 3056 1917 3126 κλίσιν
1962 3055 2054 3139 ὥς
2094 3056 2257 3129 ὀὐδὲ
2301 3059 2377 3127 τὸ
2455 3064 2550 3129 δῶ
2686 3063 2693 3070 “

304 3156 462 3228 οὐδὲ
504 3161 578 3225 τὸ
624 3163 734 3246 κρῖ
776 3154 932 3228 οὐδὲ
978 3160 1053 3227 τὸ
1100 3154 1217 3250 ἦλ,
1288 3161 1583 3228 subtilius
1626 3180 1780 3228 vero
1822 3162 2041 3244 Epim.·
2072 3162 2105 3227 I
2154 3162 2296 3229 120.
2343 3154 2426 3228 22
2473 3162 2548 3230 τὸ

306 3258 517 3352 δάκρυ
561 3257 677 3329 οὒκ
722 3261 899 3328 ἔστιν
945 3261 1016 3329 ἐκ
1059 3267 1178 3329 τοῦ
1226 3260 1513 3352 δάκρυον
1559 3262 1728 3329 κατὰ
1758 3258 2127 3346 ἀποβολὴν,
2178 3259 2347 3329 ἇλλὰ
2382 3264 2553 3346 κατὰ

303 3362 757 3454 σχηματισμὸν
797 3367 1032 3451 χρῆται
1080 3361 1113 3429 ὃ
1159 3361 1460 3453 ποιητής.
1551 3366 1649 3431 De
1684 3365 1913 3431 aclisia
1977 3366 2163 3447 quod*
2208 3366 2316 3431 ille
2383 3367 2553 3447 dicit,

187 3464 193 3469 ’
301 3468 601 3535 refellunt
622 3486 807 3534 casus
829 3466 1128 3549 pluraleS‚
1152 3469 1575 3534 nominativus
1599 3463 1869 3555 δάκρεα,
1913 3469 2022 3550 qui
2041 3468 2106 3534 in
2128 3468 2272 3534 EM.
2297 3467 2442 3534 245.
2469 3469 2552 3536 59

303 3589 450 3637 cum
495 3566 685 3637 πώεα
710 3620 728 3651 ,
805 3562 1010 3637 ἄστεα
1056 3576 1461 3668 comparatur
1484 3622 1500 3651 ,
1560 3576 1638 3637 et
1700 3571 1848 3636 hinc
1889 3575 2249 3638 contractus
2317 3568 2550 3661 δάκρη,

301 3692 494 3755 quem
538 3670 1042 3738 Schneidewinus
1087 3674 1170 3738 ad
1211 3667 1391 3740 Eustss
1435 3673 1720 3739 Proeom.
1768 3693 1830 3756 p.
1877 3672 1960 3739 38
2003 3674 2069 3739 in
2112 3673 2372 3739 Pindari
2417 3693 2552 3741 sco-

302 3776 389 3843 lio
434 3774 577 3861 (88)
620 3775 917 3856 restituit,
964 3776 1338 3870 dativusque
1385 3772 1660 3863 δάκρυσι
1679 3825 1698 3856 ,
1764 3795 1889 3858 quo
1932 3775 2129 3843 Attici
2173 3795 2422 3860 quoque
2486 3779 2555 3845 in

304 3897 594 3946 sermone
639 3879 843 3944 soluto
892 3882 1174 3944 utuntur.
1260 3878 1396 3944 Hos
1431 3896 1614 3944 casus
1635 3879 1840 3961 Epim.
1874 3878 2015 3944 120.
2063 3877 2146 3944 32
2192 3878 2394 3961 affert,
2440 3883 2554 3948 sed

300 3999 639 4065 perperam
680 3981 1159 4063 interpretatur:
1208 3981 1283 4047 τὸ
1332 3977 1565 4070 δάκρυ,
1614 3978 1906 4071 δάκρεος,
1951 3978 2198 4071 δάκρεϊ,
2256 3985 2331 4048 τὸ
2359 3985 2552 4071 ,πλη-

396 4235 456 4303 *)
489 4255 538 4291 υ.
560 4236 766 4290 Pan-all.
787 4234 907 4291 132.
928 4264 991 4276 —
1009 4238 1172 4291 Adra:
1210 4234 1435 4308 „yldcpv
1455 4256 1490 4291 a
1507 4234 1724 4307 γλαφύς
1747 4234 1820 4298 ὥς
1836 4234 2012 4300 δασύς
2030 4236 2175 4300 δασύ
2198 4240 2350 4295 Enst,
2379 4236 2553 4305 [tEM.
2577 4276 2585 4283 -

305 4320 427 4377 233.
465 4321 651 4391 551250
687 4330 742 4377 et
761 4320 990 4379 Buttm.“
1030 4320 1080 4392 [ὅ
1101 4320 1172 4379 56
1207 4322 1646 4393 adn.13p.213.]
1682 4326 1766 4379 De
1785 4326 1962 4380 σκέπα
1979 4326 2195 4392 mintha
2212 4340 2324 4394 cap.
2360 4323 2413 4378 V
2435 4327 2467 4390 ἓ
2504 4326 2553 4380 1.
2598 4364 2605 4367 ·
2670 4368 2679 4371 ,
2736 4323 2743 4334 '
