2946 4928
598 278 936 345 Encmsl
976 280 1086 345 ET
1134 263 1428 345 SYNAL.
1480 277 1983 345 conmNcTA.
2072 280 2108 364 ς
2153 276 2212 344 4.
2356 275 2512 341 ,333

275 443 385 508 ubi
433 437 812 508 αὐτοτελεια
856 443 1124 508 ‚vocativi
1169 443 1414 507 tollitur
1479 442 1828 508 adiectione
1883 441 2145 523 epitheti
2160 441 2230 523 ²).
2343 439 2514 504 Vera

275 545 590 625 scriptura
631 544 912 625 perstitit
953 545 1018 609 in
1063 544 1271 622 Quint.
1316 544 1408 609 VI
1451 542 1531 608 41
1581 537 1623 609 ἆ
1671 540 1830 611 δείλ’
1875 540 2144 631 Ἀτρέος
2186 539 2298 619 υἱέ,
2345 542 2514 606 unde

276 639 319 711 ἆ
368 642 551 721 δείλ’,
601 639 685 712 οὗ
727 643 801 713 νύ
848 672 951 713 τοι
997 640 1159 733 ἦτορ
1208 641 1628 735 ἆρηρᾶμενον
1672 666 1728 711 v.
1774 644 1901 711 414
1966 650 2214 711 tantum
2281 641 2511 722 differt,

274 753 581 830 quantum
630 740 670 813 ἆ
718 744 919 830 δείλ’,
989 741 1029 833 ἦ
1073 745 1256 831 μάλα
1302 751 1382 815 ab
1451 743 1505 815 ὦ
1549 744 1712 832 Σῶχ’
1753 744 2089 815 Ἱππάσου
2138 784 2210 795 —
2242 794 2258 808 .
2348 745 2513 810 Illud

276 850 444 915 enim
486 851 643 916 nihil
687 852 857 917 aliud
901 853 1071 917 valet
1113 870 1303 933 quam
1345 844 1389 916 ἆ
1435 853 1613 919 δειλὲ
1659 854 2001 932 Μενέλαε,
2070 849 2257 915 huius
2302 853 2514 913 autem

277 954 443 1019 duae
489 959 637 1018 sunt
665 960 898 1036 parteS‚
945 973 1107 1036 quae
1151 974 1269 1036 per
1314 973 1383 1020 se
1428 959 1736 1035 constant,
1772 954 2109 1036 appellatio
2136 946 2511 1037 αὐτοτελής,
2576 1029 2589 1038 .

275 1061 345 1121 et
388 1058 751 1139 enuntiatio,
798 1058 1001 1139 qualis
1043 1059 1109 1122 in
1152 1076 1342 1122 versu
1386 1058 1590 1122 sexies
1634 1058 1925 1138 repetito·
1951 1049 2004 1121 ὦ
2052 1050 2214 1144 φίλ’,
2262 1052 2408 1119 ἐπεὶ
2437 1091 2507 1098 -

276 1160 726 1225 θῖνεὶωἰὶἰῦαεε
774 1161 1061 1245 Νέστορ,
1108 1156 1205 1244 ἔμ’
1255 1157 1512 1246 ὀτρύνει
1557 1159 1618 1224 Χ
1662 1160 1805 1240 220,
1853 1152 2222 1245 Εὐρύπυλ’,
2294 1152 2517 1222 οὐκέτι

275 1287 378 1327 τοι
422 1262 540 1327 XV
585 1251 711 1329 399
757 1269 872 1327 etc.
961 1263 1200 1328 Verum
1241 1263 1389 1327 hinc
1439 1263 1600 1327 illud
1657 1264 2051 1326 instauratur
2095 1258 2516 1341 synaloephae

276 1382 420 1428 cum
472 1364 973 1446 interpunctione
1020 1370 1356 1430 certamen.
1446 1364 1774 1445 Obstrepit
1833 1364 1999 1428 enim
2043 1364 2270 1443 dogma
2336 1362 2514 1426 scho-

273 1467 494 1545 licum,
564 1464 664 1530 ὅτι
714 1466 788 1531 τὸ
840 1467 978 1552 πρὸ
1022 1474 1136 1553 τῆς
1182 1463 1626 1553 ἀποστρόφου
1692 1463 2044 1550 σύμφωνον
2111 1451 2514 1531 συνάπτεται

278 1573 373 1655 τῷ
420 1565 883 1656 ἐπιφερομένῳ
920 1567 1244 1658 φωνήεντι
1290 1570 1481 1635 schol.
1525 1570 1598 1633 Il.
1643 1569 1801 1634 VIII
1844 1568 1988 1647 207,
2033 1587 2089 1632 V.
2121 1566 2516 1631 Friedlaend.

277 1672 363 1735 ad
404 1670 621 1761 Nican.
681 1669 819 1752 124,
865 1691 942 1737 ex
985 1691 1108 1754 quo
1155 1674 1345 1738 scribi
1389 1677 1640 1754 oportet
1687 1669 1864 1738 δεί-
1878 1667 1956 1748 λ’,
2004 1663 2044 1757 ἦ
2088 1670 2309 1748 literiS‚
2356 1686 2520 1750 quae

277 1792 472 1838 unam
517 1774 826 1856 syllabam
866 1772 1198 1839 conficiant
1239 1777 1331 1859 ῑῆ,
1378 1775 1879 1857 interpunctione
1925 1772 2185 1837 divulsis
2202 1771 2273 1855 ³).

452 1875 629 1940 Haec
673 1876 1001 1941 literarum
1046 1867 1412 1959 apostrophi
1454 1879 1703 1944 vinculo
1761 1876 2244 1942 constrictamm
2286 1869 2521 1938 distra-'

251 1978 406 2043 -ctio
447 1983 716 2043 naturae
761 1997 883 2043 non
929 1980 1135 2044 minus
1180 1982 1498 2046 contraria
1540 1981 1789 2047 videtur
1831 1998 2022 2061 quam
2066 1998 2282 2044 earum
2295 2028 2310 2057 ,
2357 1994 2520 2059 quae

279 2082 500 2146 enclisi
543 2082 995 2162 consociantur,
1043 2083 1157 2147 sed
1200 2084 1428 2149 accidit
1472 2082 1840 2164 saepissime
1886 2088 1952 2147 et
1981 2076 2224 2166 ἄλογος
2267 2080 2520 2162 quidem

280 2184 513 2249 dicitur
555 2182 852 2249 Nicanori
893 2184 934 2248 l.
981 2202 1051 2264 c.‚
1106 2204 1223 2250 nec
1262 2191 1475 2251 tamen
1519 2205 1796 2269 unquam
1842 2185 2215 2250 addubitata
2257 2188 2357 2248 est
2398 2199 2522 2246 non

280 2287 484 2351 solum
528 2286 593 2350 in
638 2287 1046 2367 carminibuS,
1116 2288 1352 2355 sedne
1395 2290 1462 2353 in
1507 2290 1788 2354 oratione
1833 2287 2113 2370 quidem,
2160 2302 2520 2368 quanquam

278 2391 427 2454 hinc
469 2389 803 2471 prohibere
827 2394 1089 2454 conatur
1112 2388 1509 2472 Schaeferus,
1554 2392 1825 2474 primum
1849 2390 1929 2454 ad
1954 2388 2277 2454 Demosth.
2310 2406 2368 2469 p.
2394 2386 2519 2451 232

283 2493 519 2575 Appar.
568 2493 635 2558 T.
675 2492 748 2556 ·II
791 2491 873 2557 46
919 2493 1017 2557 his
1061 2493 1299 2557 verbis:
1389 2516 1548 2578 „pro
1616 2493 1726 2560 διὰ
1796 2496 2027 2567 ταῦτα,
2103 2488 2180 2556 οὗ
2250 2487 2332 2558 δι’
2405 2489 2522 2572 ἐμὲ

282 2591 597 2683 ἐπράχθη
650 2593 981 2658 Bekkerus
1047 2589 1254 2661 ταῦτ’.
1338 2595 1808 2681 Apostropkum
1872 2618 2010 2658 non.
2062 2593 2337 2657 admittit
2400 2614 2524 2654 voa:
2581 2589 2585 2592 ’

264 2709 427 2783 post
490 2697 549 2759 k.
617 2720 676 2760 v.
719 2697 1063 2782 paulisper
1116 2697 1525 2778 subsistens&
1595 2704 1661 2764 et
1715 2699 2012 2764 disertius
2081 2698 2163 2763 ad
2208 2697 2302 2762 Ol.
2359 2695 2392 2760 I
2445 2695 2520 2761 16

280 2802 445 2882 App.
492 2799 617 2865 Τ.Ι
647 2797 800 2864 219ὲ
848 2821 1007 2883 „pro
1055 2795 1462 2883 αἰσχύνεσθ’,
1512 2798 1570 2867 εἰ
1613 2812 1723 2864 aut
1766 2796 2179 2889 αἰσχύνεσθε,
2227 2796 2308 2876 εἷ,
2358 2797 2527 2889 quod

282 2901 589 2966 editiones
656 2901 941 2965 eoelzibent
954 2949 972 2983 ‚
1038 2900 1432 2965 scribendum
1499 2916 1610 2967 aut
1666 2926 1900 2968 comma
1949 2914 2106 2987 post
2151 2898 2517 2984 αἰσχύνεσθ’

283 3005 645 3088 delendum5
711 3026 906 3088 neque
951 3004 1113 3088 enim
1157 3026 1299 3084 vom,
1330 3015 1490 3088 post
1534 3026 1722 3087 quam
1765 3005 2249 3090 interpam-qitzar,
2317 3005 2524 3069 elisio-

280 3132 423 3172 nem
451 3109 610 3193 paci
639 3120 866 3193 potest.
962 3105 1199 3170 Contra
1242 3106 1403 3170 lianc
1444 3090 1728 3192 requlain
1770 3107 1881 3169 vix
1926 3106 2062 3169 dici
2088 3120 2326 3191 potest,
2374 3130 2522 3191 quo·

282 3211 403 3273 ties
431 3222 760 3294 peccatum
804 3209 952 3272 εἰῶ(
1010 3210 1249 3274 Verum
1295 3209 1462 3273 enim
1508 3227 1589 3273 ne
1632 3215 1959 3289 peccatum
2002 3228 2144 3283 esse
2173 3211 2522 3290 credamuS,

280 3314 578 3397 prohibet
620 3310 865 3378 infinita
908 3313 1337 3402 exemplorum
1382 3312 1589 3392 copia,
1656 3311 1993 3393 prohibent
2055 3312 2296 3392 hiatus,
2365 3330 2524 3393 quos

420 3573 477 3640 2)
515 3573 696 3640 Aeque
730 3578 878 3625 arcta
910 3578 995 3625 est
1030 3573 1324 3638 devinctio,
1381 3589 1489 3639 qua
1523 3571 1752 3639 epitheta
1784 3573 2159 3639 homoeoptota
2212 3589 2330 3624 cum
2363 3589 2523 3624 voca-

277 3660 409 3711 tivis
446 3661 802 3711 continentur:
850 3654 1055 3710 πάππα
1093 3656 1204 3728 φίλ’
1246 3687 1308 3696 -
1347 3647 1390 3718 ὦ
1429 3654 1600 3730 πάτερ
1635 3654 1860 3728 ἡμέτερε
1897 3686 1958 3695 -
1995 3653 2146 3711 Αἶαν
2180 3655 2526 3728 ἁμαρτοεπὲς

280 3746 388 3809 -,’
410 3762 543 3811 quae
578 3746 646 3797 ab
681 3747 1101 3812 interpunctione
1151 3747 1296 3799 haud
1333 3746 1490 3797 dubie
1523 3746 1682 3811 longe
1717 3747 1886 3812 magis
1922 3746 2206 3797 abhorrent
2239 3762 2395 3812 quam
2431 3747 2523 3797 illa

282 3817 329 3880 ὦ
365 3825 552 3900 μάκαρ
581 3826 1215 3901 Ἀτρείδη,ιμοιρηγενὲς,
1254 3828 1629 3900 ὀλβιόδαιμον.

424 3915 481 3973 3)
517 3917 767 3987 Insolitus
801 3918 955 3969 nobis
990 3918 1199 3969 videtur
1232 3918 1320 3968 hic
1354 3918 1678 3983 syllabarum
1712 3921 2015 3970 merismus:
2051 3917 2134 3969 die
2170 3917 2399 3979 Ia'e-b',
2444 3915 2526 3968 ich

274 4002 453 4071 glaub'
490 4006 542 4054 έε
576 4001 719 4065 wohl,
753 4003 819 4055 ist
852 4003 1011 4055 blind.
1084 4004 1188 4055 Sed
1227 4010 1430 4055 veteres
1480 4009 1788 4066 statuerunt,
1827 4020 2118 4069 consonam,
2172 4005 2227 4054 in
2263 4019 2393 4069 quas
2430 4018 2522 4053 vo-

280 4088 479 4140 eabula
532 4090 742 4156 integra
799 4092 941 4142 exire
992 4105 1099 4140 non
1152 4097 1400 4157 possunt,
1452 4106 1522 4141 ne
1556 4091 1698 4142 elisis
1747 4091 1956 4156 quidem
1991 4089 2354 4141 concedendas
2389 4104 2524 4139 esse.

280 4171 414 4238 Ζῆν’
471 4170 544 4234 ὥς
563 4173 633 4244 [p.
655 4173 756 4228 312
774 4174 847 4242 n.]
869 4193 960 4228 eos
980 4175 1243 4228 offendere
1261 4192 1366 4226 non
1384 4177 1553 4241 potnit
1569 4177 1674 4227 nisi
1689 4182 1902 4242 propter
1919 4176 2295 4243 apostrophum
2311 4176 2367 4224 in
2383 4175 2526 4225 exitu

279 4277 473 4315 versus
505 4265 752 4329 positam,
790 4263 859 4315 cf.
897 4262 1169 4315 Skrzezka
1203 4262 1268 4313 de
1304 4261 1511 4317 Ort-hot.
1545 4258 1668 4314 212.
