2946 4928
400 330 530 402 252
1160 331 1716 401 DISSERTATIO
1759 333 1902 402 VII.

573 498 1052 567 Homericorum
1071 499 1411 580 nominum,
1455 517 1620 581 quae
1662 498 1746 564 ad
1787 498 1955 565 hunc
1983 497 2270 565 ordinem
2311 499 2654 581 pertinent,

399 622 701 671 numerus
744 603 1072 682 maximuS‚
1119 601 1233 667 sed
1276 603 1563 669 adverbii
1603 602 1749 668 hinc
1781 602 2113 685 propagati
2134 601 2490 684 exemplum
2510 601 2653 667 nul·

400 708 534 774 lum
575 710 852 789 praeter·
874 710 1346 772 controversum
1387 706 1548 772 illud
1589 706 1663 771 11.
1706 705 1859 772 XIV
1909 704 2031 771 114
2081 704 2325 781 Τυδέα,
2380 695 2457 770 ὃν
2510 698 2651 792 Θή·-

398 816 559 900 βῃσι
601 808 760 898 χυτὴ
807 809 971 875 κατὰ
1019 812 1173 894 γαῖα
1222 803 1567 885 καλύπτει,
1634 808 1715 874 de
1782 826 1907 892 quo
1949 808 2213 890 ambigit
2255 808 2446 874 schol.
2489 806 2655 873 Vict-

399 913 477 981 τὸ
532 909 795 1000 Θήβῃσι
843 908 1114 979 δύναται
1162 911 1269 978 καὶ
1338 908 1678 1001 ἑπίῤῥημα
1745 889 1916 979 εἶναι
1981 911 2095 979 καὶ
2164 904 2406 995 ὄνομα,
2475 911 2656 976 cuius

403 1017 757 1083 sententiae
804 1019 1127 1081 auctorem
1171 1013 1488 1080 adverbiis
1533 1032 1781 1096 quoque
1832 1015 1963 1081 iota
2025 1014 2378 1080 vindicasse
2440 1017 2656 1097 patet;

402 1119 517 1186 sed
537 1136 759 1184 versus
781 1118 890 1184 ille
913 1136 953 1183 a
982 1117 1216 1182 criticis
1229 1116 1505 1199 antiquis
1515 1117 1808 1182 reiectus
1853 1116 1930 1182 In
1953 1115 2155 1183 altero
2164 1114 2653 1184 'locoXXII479

408 1218 707 1309 Θήβῃσιν
754 1215 1208 1307 (ἐγεινάμεθα)
1251 1218 1424 1285 haud
1467 1219 1657 1285 dubie
1701 1220 2170 1286 substantivum
2212 1222 2331 1300 est,
2377 1220 2479 1285 cui
2502 1220 2656 1287 alibi

401 1323 793 1407 praepositio
830 1323 1101 1389 accedit:
1148 1320 1218 1389 ἐν
1247 1318 1550 1409 Θήβῃσιν
1581 1316 1895 1388 ἀπώλετο
1916 1320 2009 1387 VI
2031 1320 2177 1401 223,
2222 1318 2340 1387 Od.
2363 1323 2481 1389 XV
2505 1322 2653 1405 247,

401 1428 565 1494 sicut
629 1427 798 1493 idem
865 1423 934 1493 ἐν
969 1422 1261 1514 Ἀθήνῃς
1326 1426 1486 1491 dixit
1510 1425 1600 1490 ⁸11.
1645 1422 1712 1489 11
1756 1424 1913 1506 549,
1981 1429 2049 1491 et
2112 1425 2519 1508 singulariter
2585 1425 2656 1494 ἐν

400 1525 703 1619 Κρανάῃ,
751 1528 819 1597 ἐν
866 1526 1224 1617 Μεσσήνῃ,
1268 1524 1336 1597 ἐν
1386 1526 1659 1616 Φυλάκῃ
1703 1528 1864 1594 XIII
1904 1526 2060 1608 696,
2107 1529 2223 1595 sed
2265 1528 2377 1595 illa
2418 1529 2658 1596 omissa

402 1625 640 1714 ἶίλοχος
688 1630 966 1721 Φυλάκῃ
1012 1632 1360 1700 ἐλέλειπτο
1405 1631 1472 1697 ΙΙ
1519 1630 1659 1697 700.
1682 1669 1769 1681 -
1790 1631 1866 1697 In
1911 1632 2387 1699 similitudinem
2427 1632 2657 1698 horum

400 1736 685 1802 incidunt
727 1736 852 1801 duo
898 1735 979 1801 ab
1004 1735 1402 1817 appellativis
1448 1736 1668 1801 ducta:
1717 1731 1955 1824 ὥρασι,
2004 1737 2085 1802 de
2132 1754 2257 1818 quo
2280 1739 2470 1801 antea
2493 1734 2653 1801 dixi-

400 1858 542 1905 mus
556 1838 643 1924 [p.
658 1837 832 1923 229]‚
857 1841 924 1903 et
944 1835 1219 1925 θύρασι,
1248 1839 1416 1919 quod
1438 1837 1806 1904 adverbium
1828 1857 1970 1904 esse
1993 1856 2210 1905 omnes
2234 1838 2653 1920 consentiunt,

400 1943 532 2009 iota
556 1941 823 2007 subinde
845 1940 1566 2006 intrusumbmittentes,
1595 1978 1667 1989 --
1709 1940 2093 2007 Nominibus*
2116 1960 2158 2023 p
2171 1960 2310 2024 ago
2322 1960 2487 2008 rum
2514 1939 2651 2010 Αἷ-

401 2039 603 2128 γιλία,
653 2039 980 2124 Κίκυννα,
1023 2039 1331 2109 Παιανία
1376 2043 1524 2127 (hoc
1557 2043 1848 2127 accentu)
1892 2041 2186 2132 Στειριά,
2227 2039 2478 2129 ’Ῑκαρία
2502 2045 2652 2129 (sic)

402 2143 784 2228 Stephanus,
828 2146 871 2211 J
870 2163 1107 2211 oannes
1153 2149 1220 2211 et
1240 2139 1683 2228 Theognostus
1732 2145 1883 2212 Can.
1913 2146 2034 2212 157
2061 2146 2404 2213 subiiciunt
2443 2148 2657 2231 topica

398 2244 720 2334 Λίγιλιοῖ,
744 2252 1077 2327 Κικυννοῖ,
1105 2251 1454 2332 Παιαιιοῐ,
1489 2253 1813 2334 Στειριοῖ,
1859 2244 2149 2335 Ἰκαριοῖ,
2185 2250 2689 2332 utique-contra,

401 2352 755 2435 analogiam
777 2349 941 2433 ficta,
986 2351 1111 2418 nisi
1132 2351 1295 2419 forte
1340 2357 1416 2418 ut
1447 2349 1745 2440 Ἰκάριος
1788 2356 1855 2418 et
1890 2346 2177 2441 Ἰκαρία,
2212 2352 2304 2418 sic
2323 2353 2520 2419 etiam
2541 2352 2652 2419 alii

399 2456 569 2522 demi
611 2455 946 2539 dupliciter
989 2456 1293 2540 appellati
1336 2460 1501 2539 sunt,
1548 2457 1716 2540 quod
1740 2454 2099 2539 Stephanus
2130 2456 2355 2523 sumit:
2386 2452 2650 2537 ’Ἀθμο-

400 2584 513 2626 νον
547 2555 905 2645 Ἁθμονοῖ·
951 2560 1027 2627 τὸ
1061 2563 1275 2645 μέντοι
1311 2556 1691 2649 Ἁθμονῆζε
1734 2560 1843 2626 καὶ
1879 2553 2250 2645 Ἀθμονῆσι
2280 2561 2467 2628 δοκεῖ
2507 2559 2650 2628 ἀπὸ

398 2665 516 2751 τῆς
553 2659 855 2750 Ἀθμονή
901 2656 1085 2730 εἶναι.
1176 2663 1623 2751 Diphthongus
1690 2664 1857 2729 enim
1923 2663 2036 2729 illa
2097 2662 2309 2745 potius
2361 2664 2656 2736 convenit

396 2766 753 2834 nominibus
797 2769 1111 2859 secundae
1134 2767 1586 2847 declinationiS‚
1640 2766 1965 2855 Φαληροῖ,
2005 2761 2304 2850 Ἰσθμοῖ,
2350 2771 2656 2856 Σφηττοῖ

402 2874 550 2952 etot,
617 2874 808 2953 atque
870 2871 1029 2937 haec
1070 2871 1212 2953 ipsa
1256 2868 1633 2938 Schaeferus
1697 2869 1780 2936 ad
1825 2868 2015 2952 Greg.
2061 2867 2188 2935 369
2247 2888 2364 2952 pro
2418 2870 2653 2937 dativis

400 2973 595 3055 habet
636 2990 811 3039 more
853 2974 1064 3055 prisco
1110 2974 1365 3056 scriptis
1379 3024 1395 3055 ,
1442 2975 1559 3040 sed
1602 2973 1971 3055 Apollonius
2015 2971 2176 3038 Λᾶν.
2220 2971 2367 3040 588.
2418 2971 2496 3041 19
2543 2992 2651 3040 eo·

402 3076 548 3142 dem
590 3075 727 3141 loco
772 3081 987 3142 censet
1041 3095 1166 3158 quo
1212 3080 1531 3164 Μεγαροῖ
1550 3125 1566 3156 ,
1632 3076 1752 3142 hoc
1795 3080 2009 3142 autem
2053 3079 2274 3157 aperte
2338 3094 2378 3141 a
2418 3075 2653 3159 plurali

400 3177 482 3244 τὰ
538 3178 822 3267 Μέγαρα
866 3178 1245 3262 principium
1288 3179 1487 3245 habet
1524 3183 1599 3244 ut
1634 3179 2076 3267 Προσπαλτοῖ
2118 3197 2157 3244 a
2199 3174 2651 3265 Πρόσπαλτα,

400 3287 643 3349 mutato
685 3285 946 3379 propter
988 3287 1208 3366 typum
1249 3286 1533 3350 accentu.
1585 3318 1657 3330 --
1710 3281 1813 3348 Ad
1854 3281 2022 3347 hunc
2064 3299 2396 3347 numerum
2438 3300 2651 3365 gram-

399 3386 612 3455 matici
680 3386 982 3452 adiiciunt
1042 3385 1170 3451 tria
1235 3386 1326 3453 ab
1401 3384 1911 3471 appellativis
1978 3384 2373 3451 derivata:
2451 3382 2648 3465 οῗκοι,
2730 3439 2742 3445 -

393 3487 623 3566 πέδοι,
670 3494 881 3572 βυθοῖ
938 3490 1170 3556 eodem·
1225 3508 1349 3572 quo
1393 3488 1794 3556 substantiva
1836 3488 1977 3569 ipsa
2021 3492 2285 3554 accentu
2324 3488 2650 3572 inscripta,

400 3597 469 3656 et
509 3592 907 3673 dispertitiva
952 3589 1417 3674 ἑκασταχοῖ,
1464 3584 1896 3673 ήανταχοῒ,
1959 3585 2345 3673 οὐδαμοῖ,
2389 3594 2648 3679 μηδα-

387 3706 445 3774 ’μ
462 3719 497 3757 0
512 3700 568 3775 ῖ,
615 3712 882 3777 quorum
924 3694 1166 3760 nullum
1213 3712 1252 3759 a
1295 3693 1509 3760 dativo
1553 3693 1764 3776 aliquo
1807 3694 2012 3775 repeti
2040 3696 2268 3775 potest,
2318 3692 2650 3776 simileque

400 3796 499 3861 his
544 3795 955 3878 ἐνταυθοῖ,
1024 3799 1102 3864 de
1147 3817 1270 3881 quo
1313 3796 1702 3863 Fritzschius
1768 3797 1851 3862 ad
1908 3795 2156 3862 Thesm.
2224 3813 2284 3876 p.
2332 3793 2415 3861 79
2479 3797 2652 3863 idem

401 3903 621 3964 censet
663 3901 831 3981 quod
876 3899 1251 3967 Schaeferus
1298 3901 1376 3966 de
1422 3898 1767 3979 demoticiS,
1831 3899 1944 3964 sed
1979 3899 2123 3981 jure
2165 3898 2435 3980 minore;
2464 3985 2470 3990 1
2498 3919 2650 3966 nam

372 3997 585 4067 'huius
649 4003 1067 4093 nominativus
1133 4021 1213 4070 ne
1259 4003 1636 4086 cogitatione
1679 4002 1934 4085 quidem
1978 3998 2342 4068 adumbrari
2393 4004 2649 4085 poterit.

399 4100 643 4171 Horum
687 4107 964 4171 omnium
1007 4126 1202 4173 unum
1250 4102 1421 4174 οἷ’κοι
1472 4111 1712 4173 certam
1753 4104 1949 4171 habet
1990 4105 2110 4179 loci
2175 4105 2244 4168 in
2287 4127 2407 4190 quo
2454 4106 2649 4188 signi-

404 4206 786 4289 ficationem3
856 4210 1246 4291 eandemque
1288 4209 1659 4275 Ammonius
1704 4207 1928 4287 tribuit
1969 4207 2266 4275 adverbio
2312 4206 2647 4275 ἐνταυθοῖ.

401 4312 805 4380 Hermannus
851 4330 1000 4379 vero
1043 4311 1127 4378 ad
1169 4311 1377 4401 Nubb.
1419 4310 1565 4380 813.
1595 4310 1714 4377 hoc
1754 4310 1837 4377 ab
1879 4311 2020 4393 ipso
2062 4309 2338 4377 Homero
2379 4328 2499 4392 pro
2526 4309 2651 4386 Ιιασ

2924 2395 2928 2412 l

2922 2423 2928 2432 ι
